3102 4936
774 408 847 478 242

151 617 241 668 seor.
263 605 434 674 utentem
461 597 673 674 Vandalus
688 599 980 696 pronunciasse3
1006 598 1080 672 hoo
1101 603 1230 672 autem
1246 601 1364 670 vocat

151 685 447 803 Empirare.
514 699 612 776 Cum
638 699 733 773 adeo
772 699 892 774 literae
930 699 1013 773 Vno
1044 698 1188 796 duplex
1220 697 1365 770 inesset

264 797 437 894 qualitas,
453 800 669 874 alterarum
685 799 799 874 variis
811 799 944 898 figuris
957 806 1144 895 quatenus
1154 805 1254 872 esset
1271 817 1361 869 oon·

264 920 400 972 sonans
429 899 652 984 communis,
676 900 795 974 altera
821 898 1035 998 peculiaris,
1069 908 1256 994 quatenus
1282 892 1364 968 sola

264 1019 314 1072 ex
355 997 644 1073 consonantium
682 1021 839 1073 numero
882 997 1088 1096 adspiratio
1120 997 1254 1072 itidem
1286 991 1364 1068 dici

265 1105 419 1193 posset3
447 1097 591 1178 Graeeis
608 1107 808 1197 propterea
824 1121 896 1200 pro
913 1121 982 1173 sua
994 1097 1145 1196 «κριβειᾳ
1163 1096 1287 1172 visum
1303 1101 1364 1168 est

266 1217 314 1269 ex
338 1196 520 1294 peculiari
537 1197 667 1296 potius
688 1221 802 1296 quam
826 1197 1017 1274 communi
1033 1197 1216 1294 qualitate
1234 1191 1365 1269 sedem

209 1303 215 1312 “
265 1294 603 1371 determinantibus
633 1319 718 1372 eam
739 1299 1029 1373 consonantium
1055 1297 1166 1372 seriei
1184 1319 1261 1370 non
1282 1291 1365 1388 jam

266 1393 441 1484 inserere,
466 1396 532 1470 sed
549 1396 703 1473 alterius
726 1397 992 1497 adspirationis
1018 1395 1131 1472 modo
1161 1391 1367 1493 superscri-

264 1493 354 1569 bere
368 1499 404 1591 †.
456 1495 648 1571 Caeterum
670 1521 717 1572 ex
745 1497 994 1576 Ciceroniana
1012 1497 1137 1572 Graeei
1158 1495 1267 1571 testis
1284 1490 1367 1566 irri-

267 1593 373 1668 sione
390 1595 493 1669 aliud
505 1597 622 1670 etiam
632 1595 673 1670 in
689 1606 909 1673 transcursu
921 1599 1123 1672 observare
1138 1605 1206 1680 est,
1226 1613 1366 1690 nempe

265 1715 380 1790 quam
405 1693 544 1768 frustra
566 1694 710 1769 luerint
735 1696 776 1783 ii,
803 1697 843 1769 in
868 1698 1006 1795 quibus
1024 1694 1140 1771 etiam
1163 1691 1368 1768 Salmasius

266 1813 405 1866 nornen
433 1793 634 1891 profitetur
655 1816 779 1883 suurn,
804 1797 870 1893 qui
892 1797 1115 1872 Latinorum
1138 1795 1167 1868 F
1194 1803 1234 1868 et
1262 1793 1367 1866 Grae·

203 1941 208 1952 .
267 1897 445 1966 οοῐιιιιιΦ
464 1893 623 1968 eandem
646 1893 764 1970 fuisse
782 1905 1012 1995 potestatem
1027 1891 1227 1971 voluerint
1280 1891 1368 1965 Hoo

267 1989 400 2088 utique
416 1992 449 2065 si
465 2015 526 2067 res
543 1992 691 2082 fuisset,
711 1995 899 2070 Fundanii
915 2019 1053 2070 nomen
1070 1993 1215 2069 homini
1232 1992 1369 2064 Graeeo

266 2087 522 2189 nihilomagis
548 2115 663 2191 quam
689 2092 859 2170 Romano
886 2117 1031 2172 moram
1052 2093 1208 2192 injicere
1224 2089 1372 2191 potuis·

266 2197 337 2262 sel.
390 2189 589 2267 Diversum
610 2191 745 2268 harum
759 2193 955 2272 literarum
977 2195 1159 2272 virtutem
1187 2192 1369 2291 perstrin-

266 2285 327 2464 {it
349 2285 601 2485 Terpntianus
617 2315 703 2391 pag.
723 2299 772 2368 35
792 2295 842 2389 [l.
879 2301 961 2369 9=
975 2301 1086 2370 2401.
1101 2331 1145 2356 =
1159 2298 1232 2368 844
1244 2295 1367 2366 -46,

302 2396 420 2462 antea
449 2445 458 2463 .

318 2509 439 2564 -nos
454 2491 669 2592 siquando†
691 2493 864 2570 Groeeum
883 2501 914 2568 Φ
931 2519 1077 2570 neeesse
1092 2504 1149 2570 eal
1162 2492 1332 2592 exprim,

318 2589 409 2664 Pet
435 2595 469 2663 H
501 2589 801 2683 simulaveram,
845 2619 915 2670 non
954 2595 1133 2672 Latinam
1161 2595 1255 2668 dane
1294 2589 1371 2688 [F]

321 2735 435 2884 Capua
449 2715 633 2867 αροῶῃωθσᾶ
647 2795 789 2869 recedit
805 2792 898 2868 lenia
913 2805 1023 2893 alque
1037 2794 1143 2868 lebes
1158 2817 1276 2893 soom.

270 2929 419 3008 *Idem
445 2937 560 3014 etiam
585 2963 672 3038 pag.
697 2949 742 3018 14
776 2941 1072 3037 [1.13=2ass.
1104 2981 1147 3006 =
1164 2949 1238 3018 227
1251 2947 1372 3016 -29,

271 3029 455 3128 Sanun]
679 3096 688 3113 ,

320 3179 441 3258 Im
461 3186 608 3283 reperis
624 3187 792 3264 dentibm
817 3193 1028 3292 adprimm
1044 3192 1211 3267 labellm

319 3281 353 3354 S
384 3280 531 3358 'romine
546 3285 631 3374 leni,
654 3288 713 3362 vel
726 3299 768 3362 ut
784 3289 885 3366 hirta
903 3291 1143 3378 Gratanter,

370 3405 439 3458 ane
459 3383 535 3481 [F]
554 3411 618 3462 ore
634 3387 791 3479 amabis,
807 3391 911 3468 modo
932 3417 1014 3494 quae
1030 3393 1154 3468 heato
1162 3392 1292 3492 prima
1307 3399 1374 3464 est.

270 3531 329 3605 vel
342 3541 382 3605 ul
398 3533 499 3609 lino
519 3535 651 3626 Graia,
679 3539 719 3613 h.
734 3563 768 3616 e.
794 3542 876 3617 sive
899 3542 954 3619 ita
981 3550 1025 3619 ut
1042 3565 1220 3644 asperum
1246 3541 1373 3615 Graeci

272 3633 303 3700 Φ
334 3653 469 3706 sonum
498 3637 600 3711 vites.
676 3639 868 3717 Caeterum
903 3665 973 3741 pro
1020 3645 1102 3720 istis
1133 3643 1196 3726 nel.
1221 3651 1262 3716 ut
1296 3635 1371 3712 &c-

272 3725 389 3825 vulgo
415 3731 557 3829 legitur
580 3737 693 3832 (velut
711 3739 736 3838 1
757 3741 859 3817 hirta
883 3745 1004 3818 Graio
1024 3745 1145 3841 vitea).
1197 3740 1373 3835 Denique

267 3828 373 3924 apud
403 3853 650 3934 quoscunque
681 3839 835 3915 Graecos
855 3843 1091 3920 obtinebant
1130 3842 1257 3919 alterae
1287 3839 1372 3914 istas

269 3935 371 4001 notae
391 3941 409 4002 l·
433 3939 474 4004 et
489 3947 519 4019 s,
543 3934 609 4010 vix
635 3937 887 4015 dubitandum
904 3944 1067 4032 videtur,
1094 3943 1186 4042 quin
1213 3943 1246 4017 is
1272 3947 1373 4016 esset

269 4047 400 4142 eorum
418 4053 524 4118 usus,
549 4043 593 4109 ut
609 4033 711 4112 inter
729 4036 860 4116 literas
880 4043 1106 4140 majusculas
1135 4041 1199 4118 illa
1231 4040 1374 4138 aspira-

268 4133 413 4244 tionem
441 4129 522 4220 He,
559 4131 640 4210 haec
669 4146 799 4216 autem
840 4141 998 4218 alteram
1035 4147 1111 4220 Van
1144 4143 1373 4240 designaret

270 4225 411 4305 Pnoris
456 4234 631 4334 exempla
676 4247 808 4316 extant
849 4247 1134 4318 sHPAKAEIAA
1177 4245 1373 4316 sAIIOAlz

308 4449 326 4511 ÷
350 4451 425 4518 Vide
438 4457 587 4520 Audendo„
888 4469 907 4546 ss
934 4465 1313 4547 Veluquoquesarom'us.
