3102 4936
184 563 275 614 sacr.
339 531 512 608 Alterum
561 529 762 607 vetustatis
811 535 1099 604 monumentum
1149 529 1393 604 conservavit
1518 555 1519 560 ¹

209 628 252 676 Ν·
291 632 495 709 Athenaeus
514 633 586 726 [xr.
609 636 695 705 466.
714 631 795 724 F.],
811 630 915 726 quod
932 629 971 704 in
997 629 1081 704 istis
1097 627 1228 702 thaei
1257 628 1396 726 tragici
1519 661 1521 744 4

179 731 462 809 *versibus
484 732 718 807 continetur:

390 889 420 954 O
439 883 471 954 δε
488 899 610 976 σκυφος
627 911 663 970 με
678 911 735 952 του
759 881 829 951 θεου
845 882 937 951 noller
953 881 1068 963 παλαι,

387 987 434 1054 Το
451 1014 579 1079 γραμμα
598 997 711 1074 parvos
729 983 893 1064 ΔΕΛΤΑ,
917 982 1040 1063 ΙΩΤΑ,
1064 1009 1116 1048 και
1132 1009 1241 1075 τριτον

390 1085 434 1154 O.
462 1087 491 1152 N
511 1113 568 1152 του
583 1087 614 1151 Υ
631 1101 775 1176 παρεστι·
800 1109 880 1151 tour
898 1111 1069 1164 απουσιαν,

391 1185 441 1251 Et
457 1212 641 1253 converteram
660 1185 763 1264 ΣΑΝ,
789 1210 860 1250 τοτε
879 1183 909 1248 Ο
928 1207 1133 1275 κηρυσσετον.

291 1326 352 1402 lta
381 1329 513 1426 utique
543 1329 659 1425 vulgo
689 1335 1020 1426 repraesentantur.
1073 1326 1235 1398 Versum
1262 1332 1391 1398 autem

289 1428 447 1502 tertium
473 1428 528 1500 sic
554 1427 814 1525 retingendum
837 1426 1026 1524 judicavit
1057 1423 1394 1524 praestantissimus

293 1525 542 1603 casaubonus
556 1552 564 1602 :

443 1670 488 1737 Ο.
518 1669 568 1736 Νυ
584 1696 603 1735 τ
619 1697 658 1735 ou
673 1696 815 1762 nepem,
843 1694 921 1736 κουκ
937 1695 1069 1735 onemo
1086 1669 1127 1734 Υ.

291 1811 465 1885 inversu
492 1810 606 1885 etiam
632 1811 766 1885 ultimo
789 1811 890 1884 idem
912 1810 1046 1885 scribit
1074 1843 1113 1882 το
1143 1815 1238 1880 τοι
1264 1808 1393 1883 locum

292 1918 419 1982 autem
449 1911 501 1984 sic
528 1911 822 2006 interpretatur:
866 1909 1016 1984 Dudum
1045 1919 1102 1984 eat
1128 1933 1208 1982 cum
1232 1931 1287 1980 ore
1316 1909 1394 1982 Dei

292 2009 450 2108 scyphus
475 2021 590 2094 vocat,
619 2009 762 2082 literam
792 2011 982 2084 ostendens
999 2017 1044 2097 Δ,
1071 2014 1100 2094 Ι,
1125 2017 1161 2080 ct
1179 2007 1325 2080 tertium
1348 2015 1393 2082 O.

292 2108 402 2180 etium
431 2115 461 2179 N
486 2109 616 2192 adeat;
653 2135 765 2206 raeque
797 2110 901 2184 abeat
926 2117 969 2183 Υ.
1002 2109 1154 2182 ulterius
1180 2107 1394 2205 praedicant

293 2207 369 2278 Dei
392 2231 516 2280 nomen
540 2209 621 2281 duce
637 2207 756 2281 literae
781 2216 809 2280 Σ
835 2221 873 2282 et
894 2218 935 2282 O.
989 2209 1131 2284 Verum
1156 2204 1271 2303 juxta
1294 2206 1393 2281 hanc

293 2303 646 2403 interpretationem
676 2317 784 2382 atrox
810 2309 849 2381 in
875 2309 1019 2381 Graecis
1044 2308 1204 2380 habetur
1234 2307 1395 2381 soloecis-

293 2427 392 2491 muS,
409 2411 439 2478 O
458 2427 580 2502 axvpac
598 2427 729 2503 parvos:
756 2431 880 2504 neque
898 2409 999 2481 enim
1015 2407 1077 2480 hic
1094 2427 1210 2499 φαινον
1223 2406 1393 2482 archaice

294 2505 408 2578 scribi
436 2530 505 2603 pro
523 2527 643 2601 φαιυων
669 2518 893 2604 argumento
921 2517 978 2582 est
996 2508 1155 2582 alterum
1179 2507 1273 2580 illud
1299 2512 1392 2580 lara.

294 2603 464 2700 Utraque
492 2631 604 2704 porro
629 2607 849 2703 conjectura
876 2607 959 2681 viro
989 2630 1135 2680 summo
1162 2607 1285 2682 minus
1315 2606 1395 2678 feli-

210 2707 281 2775 123
293 2703 388 2777 citer
402 2706 527 2811 pessit.
581 2706 728 2804 Nempe
745 2708 893 2792 tertius,
911 2729 1023 2803 quem
1038 2705 1259 2792 venditavit,
1272 2707 1294 2750 *
1311 2729 1395 2780 ver·

293 2827 356 2876 sus
383 2804 507 2878 nullus
539 2813 606 2878 est.
664 2807 745 2880 Nec
768 2830 859 2880 vero
883 2807 914 2879 si
934 2813 983 2878 No
1007 2841 1039 2878 τε
1064 2841 1103 2878 ao
1130 2805 1271 2878 scribas
1290 2805 1393 2902 quod

293 2912 333 2976 et
366 2925 390 2975 a
416 2903 497 2976 viro
528 2903 681 2977 doctiss.
718 2905 933 3002 proiectum
965 2905 1152 2992 existimo,
1187 2905 1395 3002 quidquam

293 2999 523 3096 profeceris:
548 3023 633 3076 nam
658 3003 698 3075 in
715 3027 846 3078 versus
873 3005 1069 3079 scansione
1094 3006 1304 3079 necessario
1330 3005 1395 3079 eli·

294 3099 418 3171 denda
443 3109 501 3174 est
527 3099 667 3174 vocalis
693 3103 818 3176 brevis
845 3113 1025 3200 sequente
1055 3104 1185 3178 altera.
1239 3105 1285 3178 ln
1310 3104 1393 3179 istis

293 3204 421 3270 autem
444 3231 481 3271 το
505 3233 523 3271 τ
549 3207 578 3270 O
607 3199 756 3272 articuli
785 3227 877 3276 usus
905 3203 1028 3276 Graeci
1063 3203 1247 3277 sermonis
1275 3203 1393 3278 indoli

293 3297 524 3373 adversatur.
587 3299 784 3374 Faciamus
809 3301 890 3396 jam
915 3312 956 3376 et
982 3299 1051 3376 nos
1079 3301 1304 3400 periculum,
1344 3327 1393 3378 an

292 3560 337 3615 sol
374 3561 472 3636 ἅτερος
503 3556 609 3634 λόγος”
648 3556 754 3635 [ἄλλος
778 3577 816 3617 ex
869 3571 974 3636 quante
989 3582 1009 3615 n
1026 3555 1120 3615 cresin
1135 3555 1228 3616 iacere
1242 3560 1271 3618 in
1285 3585 1315 3633 a,
1335 3581 1394 3624 non

293 3637 583 3710 mennaha.
600 3638 819 3715 usamentum
868 3639 897 3696 in
913 3663 943 3707 ω,
971 3637 1061 3716 Soph.
1083 3635 1156 3694 OEd.
1184 3635 1220 3694 T.
1251 3659 1294 3698 111·
1322 3647 1391 3701 ³56.

298 3715 517 3795 Wesselingius]‚
528 3724 584 3776 “et
597 3719 626 3776 in
638 3717 686 3795 nj.
699 3715 817 3797 [noa]
869 3716 939 3778 Ant.
952 3723 1020 3778 275.
1034 3719 1120 3774 1059.
1144 3715 1305 3778 Menander
1314 3723 1394 3799 apud

292 3793 452 3871 Sophocles
478 3799 529 3854 εἶθ’
567 3799 665 3874 ἅτερος
699 3821 818 3874 στρατη·
869 3797 950 3856 Stob.
964 3797 1042 3857 Flor.
1057 3796 1142 3853 Grot.
1156 3816 1185 3873 p.
1202 3799 1269 3856 293·
1308 3799 1394 3862 Conf.
1514 3815 1517 3822 ⁴

292 3873 374 3948 γός.”
407 3874 561 3934 Probasset
583 3888 660 3934 uerte
676 3889 818 3953 praestan·
867 3876 991 3956 Bengel.
1020 3877 1049 3935 in
1078 3874 1167 3933 Prael.
1194 3875 1233 3933 N.
1254 3876 1292 3936 Τ.
1314 3883 1393 3941 etin

293 3953 420 4012 tissimus
434 3954 487 4023 vir,
510 3955 534 4012 si
552 3973 677 4012 marmor
700 3955 817 4032 Sigeum
869 3958 1020 4036 Apparatu
1062 3953 1158 4026 Crit.;
1202 3955 1321 4016 Lobcclr.
1357 3961 1396 4022 ad

330 4032 380 4092 ulo
426 4033 581 4111 impensius
626 4033 813 4111 explorasset.
866 4037 1396 4116 Sopu.Aj.9.1181-1ras.;13ur·

292 4053 379 4174 lianc
400 4113 486 4172 etiam
504 4113 647 4172 scribendi
669 4113 815 4174 rectitudi-
865 4137 957 4175 manu
985 4115 1023 4174 ad
1051 4113 1140 4191 Soph.
1168 4113 1222 4172 Ph.
1251 4123 1300 4176 40.
1326 4125 1394 4180 119.

291 4214 357 4253 nem
382 4192 511 4271 neglexit
528 4193 695 4264 Branchus,
717 4194 816 4270 quiin
866 4201 935 4255 591.
959 4201 1065 4263 1350.;
1088 4193 1164 4252 infra
1185 4194 1223 4252 ad
1247 4197 1286 4256 R.
1297 4198 1339 4257 D.
1361 4219 1392 4280 p.

291 4273 430 4333 addendis
442 4274 481 4334 ad
491 4273 569 4333 Nub.
579 4279 656 4344 995,
670 4274 718 4342 ait,
734 4280 752 4307 “
762 4274 815 4334 So·
866 4280 946 4345 elo„
959 4273 1115 4334 etP.P.D.
1128 4272 1165 4332 ad
1174 4274 1216 4333 R.
1229 4275 1266 4336 P.
1280 4279 1394 4340 emend.

292 4351 351 4412 lent
379 4354 468 4414 Attici
490 4353 602 4416 articuli
625 4355 656 4414 τὸ
681 4373 747 4414 cum
770 4375 816 4414 se·
866 4355 976 4416 inPac.
991 4360 1060 4416 269.

740 4464 776 4517 13
