3096 4932
698 382 769 450 361

281 581 307 613 “
324 569 457 672 Poletu
472 570 709 672 dederithuae
723 583 807 650 mint
822 573 1122 650 miolerceutium:
1296 603 1383 716 sacr:

175 724 340 821 “primo
368 725 559 824 semipede
589 724 696 823 quasi
722 727 910 802 subducto
938 737 977 802 ct
1003 727 1143 815 abciso,
1172 751 1397 803 versu-

178 833 203 865 “
221 834 350 899 autem
373 825 412 897 in
441 825 631 922 dactylum
659 825 719 900 vel
746 826 931 900 creticum
962 827 1156 900 exeunte.”
1218 829 1285 901 Fa-

177 934 263 998 teor
297 924 475 1021 equidem
506 925 602 998 hanc
632 925 830 1014 rationem,
866 928 932 1000 ubi
966 949 1109 1001 caesura
1139 926 1190 1002 sit
1212 961 1286 1000 πεν-

177 1027 345 1123 θημιμερης
357 1027 392 1112 ¹⁹,
418 1024 509 1098 satis
527 1025 764 1099 commodam
781 1026 919 1101 venire.
974 1027 1019 1099 In
1036 1049 1179 1101 caesura
1196 1050 1285 1101 vero

176 1123 368 1223 ἐφθημιμερει
391 1146 500 1210 secus
519 1148 559 1199 se
576 1149 636 1199 res
653 1116 780 1199 habet.
835 1127 949 1200 Verbi
975 1126 1109 1225 gratia,
1131 1125 1164 1200 si
1182 1149 1285 1200 sena-

176 1223 277 1298 rium
294 1247 410 1323 supra
423 1225 655 1324 descriptum
673 1225 729 1298 ita
752 1225 972 1313 dimetiariS,

328 1367 420 1470 Hirtio
439 1405 559 1470 νεκρων
575 1371 750 1474 scaldum
768 1405 820 1445 και
837 1373 967 1473 σκοΙτου
984 1377 1104 1464 moloc,

181 1520 338 1594 ubinam
355 1521 513 1596 obsecro
531 1531 589 1596 est
605 1523 804 1598 decantata
817 1547 969 1598 caesurae
984 1526 1103 1599 virtus
1119 1528 1133 1598 t
1171 1525 1288 1612 Abiit,

181 1620 355 1710 ericessit,
381 1621 502 1695 evasit
512 1625 547 1694 ²⁰.
601 1623 663 1696 Tu
680 1646 784 1711 vero,
803 1623 835 1697 si
852 1648 913 1698 me
931 1626 1022 1698 satis
1039 1625 1184 1712 audies,
1205 1649 1288 1700 eam

179 1719 332 1817 legendi
358 1721 541 1795 rationem
566 1723 745 1808 servabis,
772 1731 816 1797 ut
842 1747 912 1821 per
937 1725 1072 1799 seriem
1090 1725 1289 1800 iambicam

182 1819 374 1907 ascendam,
410 1845 529 1919 usque
562 1823 652 1898 dum
682 1823 730 1898 ad
763 1847 945 1898 caesuram
972 1825 1054 1898 sive
1081 1828 1289 1922 πευθημιμερη

182 1943 249 1994 seu
268 1921 453 2019 ἑφθημιμερη
472 1923 713 2019 perveneris;
741 1924 921 2018 syllabam
938 1932 1078 2009 autem,
1094 1947 1194 2020 1quae
1218 1947 1289 1997 cae·

183 2022 205 2066 *
219 2043 345 2094 suram
373 2022 583 2109 constituit,
608 2032 789 2119 tanquam
807 2024 915 2120 pedis
939 2023 1190 2124 praecedentis
1210 2023 1291 2119 jam
1307 2031 1376 2098 195

183 2119 336 2217 majoris
365 2117 456 2195 facti
483 2130 631 2220 partem
662 2123 842 2197 enuncias
856 2148 866 2216 νε
902 2123 1036 2197 deinde
1062 2132 1190 2197 autem
1224 2145 1292 2221 per

182 2220 425 2307 trochaicam,
464 2246 577 2319 quam
613 2221 757 2318 syllaba
789 2223 1009 2298 catalectico
1039 2223 1201 2308 claudet,
1238 2222 1293 2296 ita

185 2320 415 2406 descendas;
453 2332 497 2396 ut
524 2322 680 2396 ultimus
722 2322 912 2396 trochaeus
944 2347 1032 2396 cum
1062 2321 1203 2418 syllaba
1237 2343 1294 2394 se·

185 2427 326 2517 quente
354 2426 534 2518 tanquam
563 2445 770 2519 perunna,
798 2421 960 2498 creticus
973 2425 998 2459 ²¹
1024 2422 1178 2508 scilicet,
1203 2418 1291 2496 effe·

185 2527 291 2594 ratur
308 2547 317 2594 :

229 2726 276 2781 19.
292 2727 310 2756 ‘¹
321 2723 378 2782 Illa
387 2723 449 2783 sere
459 2743 571 2783 caesura
580 2723 716 2783 Ronmuis
765 2723 858 2783 ocrim
878 2722 1016 2799 judicium
1039 2731 1065 2779 et
1099 2722 1209 2789 certiur,
1235 2742 1294 2802 por

185 2800 302 2879 placuit,
315 2823 382 2881 quae
397 2804 426 2862 in
440 2804 533 2881 prima
547 2805 622 2864 tertii
633 2805 716 2883 pedis
757 2805 825 2884 sere
838 2801 1090 2874 Cretico‚-Hunc
1100 2801 1149 2861 ilie
1162 2801 1294 2860 clumuiis

188 2881 300 2958 syllaba
313 2883 374 2942 fit”
394 2883 433 2942 R.
446 2885 484 2942 B.
498 2883 517 2942 l.
530 2905 555 2944 c.
765 2885 902 2963 aptiorem
921 2892 1013 2962 ymtat,
1043 2903 1112 2962 queue
1130 2882 1187 2942 vult
1209 2882 1295 2961 ionga

146 3007 151 3014 .
230 2967 279 3019 20.
301 2961 362 3022 Cic.
375 2964 404 3021 in
419 2963 484 3022 Cat.
500 2985 531 3022 11.
549 2964 610 3022 init.
626 2963 717 3034 Abiit,
765 2965 926 3044 plerumque
980 2961 1091 3041 syllaba
1142 2964 1293 3022 temninuri.

188 3042 322 3111 excessit,
337 3044 437 3113 evasit,
451 3045 552 3124 erupit.
598 3109 600 3112 ,
769 3043 1012 3125 Nequecerolroec
1026 3055 1083 3102 tom
1098 3063 1296 3102 ucrcmcuram

231 3127 279 3180 21.
301 3122 382 3182 Inter
399 3144 499 3184 omnes
518 3137 630 3183 constat
646 3122 717 3182 Cre·
768 3125 997 3204 diligentiamque
1017 3123 1185 3192 desiderant,
1214 3143 1296 3202 φιαηι

187 3202 280 3262 ticum
298 3203 328 3262 in
347 3205 475 3264 iambicis
495 3205 611 3283 tragicis
625 3215 655 3264 et
668 3224 717 3264 co·
767 3214 809 3264 ert
824 3206 875 3263 iila
886 3215 1049 3283 poctarum:
1069 3225 1135 3282 quos
1148 3203 1297 3262 necessitas

189 3283 272 3342 micis
283 3303 372 3344 unum
383 3284 565 3362 aptissimum
578 3304 641 3343 esse
655 3304 719 3343 ver·
770 3286 854 3364 cogit,
875 3297 901 3343 et
916 3284 971 3363 ipsi
990 3285 1093 3342 numeri
1105 3303 1141 3340 uc
1153 3282 1235 3348 modi,
1257 3283 1297 3339 ric

188 3365 234 3422 sui
258 3364 372 3424 cadenti
389 3385 426 3424 ae
449 3364 499 3424 liat
519 3367 718 3442 confragosus.
770 3365 853 3424 uerba
865 3385 945 3423 uersu
958 3363 1105 3430 includere,
1123 3373 1154 3421 ut
1167 3361 1239 3418 uilril
1251 3363 1295 3429 rit,

190 3443 333 3502 Rhetores
346 3465 416 3504 vero
427 3444 546 3504 Latinos
556 3443 720 3504 Paeonibus
769 3464 805 3502 ue
817 3445 920 3524 rpiritu
929 3442 1036 3521 quidem
1050 3441 1168 3510 minimo,
1181 3441 1297 3509 breviar.

190 3524 349 3584 orationem
372 3525 522 3584 commode
547 3537 720 3603 temperasse
770 3534 821 3584 aut
842 3524 960 3602 longius,
983 3541 1066 3600 quam
1091 3540 1200 3580 uererer
1227 3521 1297 3578 ert.”

189 3604 271 3681 quod
280 3603 335 3664 soli
344 3604 462 3662 minime
475 3605 533 3682 apti
543 3605 601 3664 sint
610 3605 720 3666 adver·
770 3603 833 3662 Cic.
857 3600 1057 3670 deomant,
1081 3605 1128 3671 47,
1149 3606 1199 3660 48.
1221 3611 1250 3658 et
1268 3600 1298 3658 in
1357 3617 1365 3631 ⁸

192 3703 266 3754 sum,
286 3684 419 3760 atquein
436 3684 591 3761 magnifico
606 3685 721 3744 dicendi
771 3683 854 3742 Orat.
875 3683 947 3750 lxiv,
968 3685 1036 3740 215.
1065 3680 1151 3740 Conf.
1174 3680 1298 3746 Quintil.

192 3764 609 3920 1221112222
622 3763 722 3901 lysa
771 3761 1312 3902 {t,latablatabibli··

196 3926 265 3982 125.
286 3929 305 3956 “
320 3924 363 3984 itti
373 3923 539 4004 philosopho
573 3923 723 3984 Aristoteli
772 3941 852 3982 mum
873 3923 1010 3983 orationis
1027 3923 1065 3981 ad
1080 3923 1191 3981 exitum
1206 3919 1300 3978 Creti-

197 4001 285 4064 Rbet.
305 4023 348 4074 ιιι,
371 4003 443 4079 viii]
476 4005 563 4064 ordiri
585 4004 680 4082 placet
704 4024 723 4061 a
773 4023 839 4062 curn
848 4004 978 4081 inprimis
987 4001 1301 4062 idoneumexistimare.

195 4083 338 4161 ruperim
357 4105 460 4164 paeom
487 4083 553 4163 [qui
575 4085 603 4143 in
631 4085 724 4161 primo
778 4081 844 4142 Ter.
865 4083 966 4144 Maur.
984 4088 1071 4142 1439.
1102 4081 1230 4159 Optimus
1248 4097 1301 4155 per

195 4162 299 4243 viget}
309 4161 635 4244 posteriorefinire[qui
648 4162 727 4242 jacet
775 4171 803 4222 et
827 4162 950 4232 melodis,
982 4172 1009 4220 et
1030 4158 1154 4239 pedestri
1175 4157 1299 4235 glorioe‚·

194 4243 225 4302 in
243 4243 399 4322 extremo}
420 4255 461 4303 eet
480 4254 572 4302 aldem
581 4263 668 4321 poeou
682 4244 726 4302 tte
776 4241 932 4302 Plurimum
945 4252 1056 4301 ararites
1069 4238 1181 4307 decebit,
1193 4235 1301 4315 quondo

194 4325 332 4401 parterm
352 4344 407 4382 aaa
438 4324 611 4402 syliabarum
633 4341 726 4380 mme-
772 4321 1009 4401 paeneiauitimo
1030 4318 1143 4377 Obtinet
1162 4315 1301 4386 aedem,-

197 4423 239 4472 ro,
259 4403 431 4462 redaurium
443 4423 581 4474 maroc,
602 4402 728 4480 quodert
779 4401 863 4460 Conf.
890 4401 1006 4460 sanim.
1028 4398 1064 4457 ad
1085 4397 1103 4455 l.
1137 4395 1176 4456 Et
1199 4396 1300 4458 senec.

839 4510 906 4576 3n
