3094 4946
697 391 767 459 171

185 578 299 659 Nunc
317 589 445 656 autam
471 582 609 679 posito,
632 583 743 679 quod'
760 582 882 658 volult
904 582 961 656 vir
986 583 1147 658 doctiss.¹
1162 585 1281 660 altera
1299 605 1390 656 nor.

179 680 270 755 ¹rice
294 683 412 757 verbo
437 683 545 770 αειδοι,
561 683 610 756 de
631 683 821 758 sententia
847 684 1003 760 tandem
1022 683 1278 780 dispiciamus.
1318 671 1368 720 ¹¹¹·

186 778 281 854 Eam
309 791 437 856 autem
474 782 607 856 Latine
646 783 700 856 sic
737 791 1029 880 repraesentant:
1078 783 1161 857 Ταα
1194 807 1279 858 vero
1298 773 1391 794 '-

184 903 298 976 opera
330 883 413 979 quis
442 881 637 955 centrata
702 883 791 956 Noa
808 884 926 980 fuit:
959 907 1029 954 uon
1060 884 1156 956 erit:
1189 885 1280 1056 ppos

184 977 292 1052 Joaia
309 1005 424 1080 opera
440 979 630 1055 cembret?
688 981 764 1056 Ubi
787 983 921 1080 primo,
940 983 1061 1057 oratio
1082 983 1168 1071 ista,
1233 1010 1280 1057 on

170 1077 283 1173 suin
311 1105 382 1153 aaa
413 1083 512 1154 erit:
547 1081 642 1155 adeo
672 1082 841 1180 elliptica
873 1091 943 1169 est,
978 1093 1023 1156 ut
1055 1081 1121 1156 vix
1157 1083 1278 1157 simile

183 1181 395 1278 exemplum
413 1181 568 1280 reperiri
584 1181 716 1279 possit.
768 1183 864 1255 Eam
886 1205 976 1257 vero
999 1183 1115 1256 istum
1136 1182 1177 1256 in
1199 1205 1279 1256 mo-

183 1277 274 1351 dum
291 1281 458 1378 suppleri
475 1282 594 1356 velint
611 1305 763 1356 necesse
776 1291 851 1356 est:
878 1279 1062 1380 Naufrait
1077 1283 1278 1382 quisquam

183 1377 248 1473 qui
281 1379 470 1455 celebrare
502 1381 714 1479 potuisset3
754 1407 825 1454 oon
872 1383 946 1455 erit
981 1382 1048 1478 qui
1087 1383 1277 1457 celebrare

183 1479 334 1572 poterit.
387 1481 574 1578 Equidem
593 1503 668 1554 non
684 1489 763 1556 tam
782 1481 1013 1556 incommodi
1038 1503 1170 1556 sumus
1184 1482 1278 1578 quin

182 1576 273 1649 illud
307 1578 405 1674 fieri,
419 1581 694 1678 permittamus.
758 1581 901 1654 Verum
930 1605 1018 1656 cum
1055 1581 1129 1656 hoc
1162 1589 1277 1680 pacto

182 1678 382 1772 quaestioni
408 1679 624 1778 propositae,
656 1692 720 1754 tua
744 1706 830 1753 aero
854 1705 968 1780 opero
994 1681 1158 1778 quianam
1186 1679 1277 1754 cele·

182 1775 273 1864 bret,
314 1779 527 1877 plenissime
564 1781 614 1852 sit
642 1786 895 1878 ¹responsum
940 1780 1069 1876 ecquis
1112 1781 1277 1866 tandem,

181 1875 347 1966 obsecro,
367 1880 523 1952 eandem
548 1881 795 1975 quaestionem
817 1879 945 1954 statim
970 1889 1059 1978 post
1086 1878 1276 1952 redditum

181 1999 403 2074 responsum
427 1979 556 2054 iterari
573 1981 763 2076 patienter
789 1980 945 2054 tulerit?
978 1978 1072 2052 mihi
1103 1978 1277 2076 prolecto

181 2099 366 2174 nusquam
390 2079 553 2176 contigit
577 2079 718 2176 aliquid
737 2081 866 2154 videre
883 2079 977 2153 adeo
998 2077 1184 2176 jeJunum,
1209 2079 1277 2150 im-

179 2187 398 2272 portunum,
419 2179 615 2254 insulsum.
668 2180 814 2254 Notum
839 2189 900 2253 est
925 2177 1019 2252 illud
1036 2178 1199 2253 Ovidii⁸¹
1228 2177 1276 2252 de

178 2275 421 2365 Callimacho,
1264 2293 1269 2302 '

280 2431 475 2506 Battiades
491 2440 566 2504 toto
586 2456 728 2532 semper
743 2433 951 2506 cantabitur
967 2431 1054 2506 orbe
1065 2461 1079 2505 .·

330 2531 500 2614 Quamvis
516 2533 662 2632 ingenio
678 2558 748 2604 uon
764 2533 872 2620 valet,
887 2543 969 2605 arte
988 2533 1094 2606 valet.

178 2677 452 2758 Rationibusne
488 2691 616 2758 autem
650 2682 740 2755 satis
782 2681 928 2754 idoneis
969 2680 1160 2754 adductus
1195 2679 1276 2752 haec

176 2781 371 2875 scripserit
405 2783 608 2869 Romanus,
638 2805 685 2855 an
720 2804 812 2856 vero
852 2781 981 2877 potius
1021 2779 1276 2853 desideratum

178 2879 200 2922 *
218 2879 334 2955 luerit
355 2881 474 2978 ipsius
492 2882 692 2977 judicium,
715 2905 784 2980 per
811 2903 871 2954 me
891 2881 1044 2976 quidem
1062 2879 1276 2976 subjudice
1303 2879 1373 2948 105

177 2978 223 3051 lis
238 2990 331 3055 esto.
385 2982 527 3054 Verum
550 2981 732 3078 quicquid
758 2981 931 3054 eadere
957 2981 1199 3052 statuendum
1216 2979 1278 3065 sit,

180 3103 296 3154 unum
318 3082 472 3158 interim
495 3082 586 3153 mihi
615 3082 740 3154 videor
771 3081 1009 3176 exploratum
1035 3080 1184 3166 habere,
1206 3079 1278 3152 ista
1310 3139 1319 3154 ,

178 3179 226 3253 de
254 3181 390 3278 quibus
413 3183 539 3280 agitur
564 3205 586 3256 a
612 3179 840 3256 Callimacho
863 3181 972 3255 scribi
998 3204 1072 3253 non
1098 3180 1278 3276 potuisse,
1309 3183 1325 3207 “·

218 3374 266 3426 81.
290 3371 388 3427 Amor.
413 3391 432 3427 1.
454 3375 570 3439 xv,17.
597 3390 702 3446 seraper·
749 3369 865 3446 pedibus
906 3379 1002 3448 quater
1049 3369 1093 3425 luis
1144 3366 1276 3442 repetitis,

176 3449 323 3508 totoEdd.
365 3447 543 3506 Hor.Serm.
563 3467 595 3517 u,
613 3452 631 3518 i,
652 3455 701 3507 45.
753 3447 895 3526 Hymmam
910 3446 1190 3506 BattiademPloeoo
1208 3463 1276 3502 aaa·

177 3527 234 3598 Qut
245 3549 288 3586 me
300 3530 442 3596 commit,
451 3529 560 3604 (melius
573 3549 627 3586 noa
639 3539 701 3588 ton·
752 3539 826 3586 tasse
844 3527 962 3604 Iovique
986 3528 1129 3597 Postumo
1145 3525 1277 3600 Brunch7

174 3629 252 3684 gere,
274 3609 377 3684 choto)
402 3608 501 3678 Folia,
528 3621 554 3666 et
581 3609 702 3686 insignis
752 3629 815 3664 ura:
838 3625 917 3684 quem
941 3616 1038 3683 captus
1061 3626 1154 3663 amore
1174 3605 1278 3684 pudico

177 3701 236 3746 tota
251 3690 413 3748 cantabitur
427 3691 507 3748 urbe.
543 3687 702 3746 Βαττιάὸιω
753 3687 896 3746 Fatidicoa
915 3696 1002 3744 sortes
1020 3685 1110 3744 docuit
1176 3705 1278 3743 ramere

177 3774 256 3846 παρὰ
282 3779 360 3846 σῆμα
384 3771 475 3847 φέρεις
497 3751 579 3837 noia,
601 3765 631 3826 cal
650 3767 703 3847 μὲν
753 3767 854 3824 Paean.
883 3768 1064 3843 εὐνμνότατοι
1078 3785 1116 3823 ex
1164 3765 1276 3843 ephaes·

177 3847 275 3917 ἀοιδὴν
289 3848 414 3917 Elimas,
429 3849 441 3904 ι’
446 3873 460 3905 ν
480 3847 502 3904 δ’
520 3849 587 3925 οἴνῳ
606 3853 702 3924 καίρια
754 3848 830 3905 tione
843 3867 871 3924 p.
888 3852 935 3903 30.
945 3845 1137 3924 proculdubio
1150 3846 1277 3922 descrip-

177 3926 704 4084 ttll'tttllltlffltrlll
754 3921 1277 4083 ascalonitanam:

177 4085 372 4149 Callimaohea
382 4107 410 4164 p.
426 4093 472 4146 15.
485 4085 527 4144 'u
537 4085 614 4163 μέγα
624 4091 703 4152 ,Βμτ-
753 4086 816 4143 stel.
833 4080 918 4144 1669.
950 4105 1032 4164 quam
1046 4085 1132 4142 Musa
1144 4083 1276 4173 tepuerit(-

176 4167 275 4226 τιάδαο
301 4174 387 4246 σοφοῦ
407 4173 585 4242 Ιπερίπυστον
609 4166 703 4242 ὄνειαρ
755 4164 1055 4234 hwannlshttiadoe
1067 4161 1277 4230 autismrrqtdo

176 4247 235 4305 An.
250 4246 305 4306 Gr.
321 4266 366 4318 nr,
383 4253 452 4306 270.
480 4245 554 4304 Scal.
573 4245 611 4304 ad
632 4244 703 4304 Pto·
753 4245 870 4304 tradidit
903 4265 997 4311 aeoo.·,
1016 4241 1122 4316 Catuli.
1158 4259 1209 4308 vu,
1244 4245 1275 4298 8.

176 4341 250 4404 pert.
265 4333 378 4404 pesa.
410 4327 601 4386 Terentianus
614 4323 701 4382 Mau·
754 4324 892 4382 oraclum
903 4324 985 4384 lovis
998 4324 1073 4380 inter
1087 4321 1214 4386 aestuosi,
1232 4319 1275 4382 Et

175 4426 234 4475 rur,
254 4426 283 4486 p.
306 4410 353 4475 71,
383 4407 447 4464 Nec
468 4425 520 4464 non
539 4413 565 4462 et
585 4404 701 4476 mortni,
753 4403 831 4462 Batti
842 4405 941 4462 veteris
952 4421 1060 4461 rutrum
1073 4397 1236 4492 sepulcrum.
1252 4447 1275 4472 ,.

808 4514 880 4578 22
