3032 4958
602 446 820 502 snnrrmo.
1190 421 1253 496 *ix

200 623 333 720 Atque
350 621 434 698 baec
450 622 605 721 quidem
615 626 809 702 hactenus.
836 625 949 701 Nunc
963 623 1067 699 hunc
1080 621 1247 707 anesii

145 745 335 836 libellum,
359 757 513 845 “quem
534 748 712 846 dignum”
729 751 878 826 censuit
895 749 1122 836 Bruttedius,
1140 757 1164 790 “
1178 749 1245 847 qui

146 873 323 948 omnium
353 873 421 946 bas
445 873 573 948 literas
596 876 803 951 colentium
834 875 1011 950 manibus
1038 883 1186 950 teratur
1198 873 1245 961 ⁶,''

144 997 315 1072 strictim
331 1021 608 1096 percurramus.

196 1123 229 1196 1.
278 1121 406 1206 Quam
446 1123 640 1200 licentiam
679 1124 720 1199 in
754 1123 827 1199 hac
870 1123 1041 1198 sectione
1077 1123 1243 1221 ejuravit

144 1247 362 1334 Dawesins,
379 1249 420 1322 in
437 1272 483 1322 ea
495 1249 675 1326 Maurum
691 1244 965 1326 assentientem
979 1247 1108 1323 habet.
1146 1247 1243 1330 Quae
1287 1239 1290 1248 ⁴

143 1373 319 1470 optimus
338 1372 555 1448 Latinitatis
570 1374 712 1450 arbiter
729 1377 776 1450 de
790 1375 989 1449 Prisciano
1006 1373 1244 1471 praedicavit,

145 1499 284 1573 eadem
307 1497 357 1572 ad
375 1497 556 1574 Maurum
572 1499 674 1575 haud
699 1499 839 1598 injuria
853 1500 1112 1598 applicemus:
1137 1498 1246 1572 “Re-

145 1625 339 1698 centiores
358 1621 512 1721 quidem
540 1626 793 1723 grammatici,
821 1648 898 1700 non
924 1625 992 1723 qui
1021 1625 1244 1722 plusquam

148 1750 312 1822 Maurus
329 1746 483 1833 scirent,
507 1749 574 1822 sed
591 1748 659 1845 qui
685 1751 758 1825 sibi
786 1749 873 1848 plus
892 1749 989 1823 scire
1009 1748 1242 1836 viderentur,

143 1871 311 1970 plusque
328 1872 512 1948 auderent
529 1881 644 1971 atque
672 1872 917 1959 confiderent,
945 1873 1120 1944 Maurum
1137 1869 1178 1943 in
1196 1893 1243 1944 eo

144 1995 229 2094 ipso
258 1996 469 2093 deceptum
499 2021 582 2072 esse
604 1999 860 2084 affirmarunt3
889 2007 959 2071 nec
990 1995 1064 2068 nisi
1088 2017 1245 2068 consue·

147 2120 325 2194 tudinem
347 2121 395 2194 ab
418 2143 466 2195 eo
482 2121 699 2198 damnatam
716 2148 800 2199 esse
824 2120 980 2221 optimis
1007 2119 1133 2219 poetis
1157 2142 1244 2217 pro·

148 2243 279 2318 batam
303 2244 385 2318 sins
409 2244 486 2320 ulla
512 2246 752 2325 dubitatione
770 2254 1011 2325 statuerunt:
1037 2243 1158 2342 Atqui
1176 2244 1246 2317 du·

148 2369 299 2445 bitandi
317 2370 410 2472 satis
422 2369 540 2469 justa,
566 2397 610 2448 ac
627 2398 766 2473 magna
782 2377 846 2451 illa
861 2373 1027 2473 quidem,
1045 2392 1158 2445 causa
1176 2378 1245 2456 est,

150 2497 253 2591 quod
268 2496 450 2584 Maurus,
463 2505 581 2572 tantae
591 2498 829 2597 antiquitatis
846 2497 1104 2593 doctrinaeque
1121 2518 1245 2593 gram·

152 2621 327 2710 maticus,
340 2621 494 2719 quique,
511 2625 741 2699 vetustiores
757 2649 798 2700 se
817 2621 1106 2717 doctissimique
1123 2643 1247 2716 gram·

150 2747 279 2824 mstici
299 2747 349 2822 de
367 2771 412 2821 ea
437 2773 479 2823 re
495 2749 587 2846 quid
616 2746 815 2834 senserint,
839 2742 961 2820 multo
978 2744 1114 2818 melius
1133 2767 1249 2842 quam

150 2871 212 2946 isti
233 2871 481 2969 antiquitatis
505 2884 751 2961 correctores,
776 2872 873 2948 scire
899 2871 1040 2970 potuit,
1066 2894 1143 2945 non
1161 2893 1248 2944 con·

154 2996 399 3074 suetudinem
438 2998 506 3073 sed
544 2999 740 3074 licentiam
775 3021 858 3073 esse
892 2997 1018 3096 poetis
1049 2997 1247 3094 indignam

151 3124 362 3199 statuerit!⁸
424 3123 500 3198 Sed
522 3123 647 3198 missis
678 3121 1014 3222 grammaticorum
1038 3117 1247 3221 *praeceptis

151 3247 378 3323 Latinorum
404 3247 579 3345 exempla
603 3247 643 3320 in
669 3245 889 3344 hujusmodi
918 3226 1247 3322 controversiisac

152 3371 426 3448 conaminibus
451 3370 608 3470 pollent.
663 3373 898 3471 “Equidem
913 3374 1247 3472 grammaticorum

150 3495 423 3571 auctoritatem
452 3493 722 3592 magnifacio,
755 3521 982 3597 semperque
1011 3499 1097 3586 feci,
1123 3522 1248 3598 neque

151 3629 283 3696 tamen
301 3619 435 3719 pluris,
462 3642 578 3718 quam
604 3645 689 3696 eam
714 3622 795 3703 fieri
821 3648 845 3700 a
870 3624 982 3699 nobis
1000 3623 1075 3722 ipsi
1093 3626 1245 3711 volunt;

151 3747 291 3822 volunt
316 3755 457 3836 autem,
495 3755 563 3822 aut
589 3755 693 3821 certe
719 3726 815 3822 ⁴uelle
840 3749 993 3838 debent,
1018 3749 1090 3824 sibi
1116 3759 1161 3825 ut
1186 3774 1248 3825 ea·

153 3883 267 3948 tenus
288 3872 499 3959 credamus,
523 3872 651 3969 quoad
678 3895 735 3959 ea,
758 3897 844 3971 quae
861 3874 1103 3973 praecipiunt,
1131 3878 1249 3952 bono-

152 4022 239 4074 rum
257 3997 483 4072 Latinorum
508 3999 739 4074 auctoritate
764 4000 1024 4099 exemplisque
1051 4002 1247 4088 nitentum

152 4121 401 4222 nequeenim
427 4146 467 4196 se
495 4122 624 4197 Latini
645 4125 827 4202 sermonis
847 4126 1075 4212 conditores,
1100 4135 1141 4200 at
1168 4139 1249 4202 tan·

195 4389 225 4443 5.
248 4385 298 4445 Ad
314 4385 464 4466 Aristoph.
481 4387 582 4467 Equit.
599 4392 708 4456 1³11.;
732 4387 808 4449 cons.
826 4389 863 4448 ad
881 4387 957 4450 Ach.
980 4393 1048 4447 238.
1070 4385 1144 4450 Rau.
1160 4393 1247 4450 1405.

35 4539 36 4570 q
155 4486 225 4567 Lyn.
243 4493 292 4546 16.
