3032 4958
344 371 406 446 vi*
776 387 990 440 ranrnrro.

335 567 557 646 dominandi
587 589 702 644 causa
728 565 906 643 violanda
930 570 1032 654 sunt,
1057 561 1198 638 summi
1215 561 1290 638 viri
1314 561 1430 636 laces-
1476 582 1477 676 ᾗ

335 695 443 770 sandi
468 699 700 794 potestatem
721 691 795 766 sibi
821 691 1062 786 arrogabant,
1088 696 1129 764 11
1146 685 1340 787 petulanti
1361 707 1430 760 sa·
1476 695 1477 776 l

39 791 41 826 ³
185 874 196 896 .
227 852 229 856 ·
335 819 431 896 viiia
462 819 673 918 μυχθῖζοντες
704 815 758 890 rol
791 815 1065 913 διαψιθυρίζοντες
1097 812 1306 911 angoribus
1340 833 1430 886 eum

335 943 633 1030 consumebant;
672 940 751 1016 aed.
775 937 992 1026 bacundia,
1032 939 1199 1025 invidia,
1243 935 1429 1013 simultati

333 1067 445 1142 litare
462 1065 588 1143 virum
616 1065 862 1163 quantumvis
887 1063 1167 1165 precellentem
1197 1085 1276 1138 non
1302 1063 1427 1138 decet.

335 1189 466 1266 Mores
505 1211 643 1288 parum
682 1188 960 1288 circumspecte
1012 1187 1218 1289 compositi
1263 1188 1431 1264 oblecta·

334 1314 450 1390 tionis
479 1313 657 1412 maligna
688 1314 888 1390 materiem
923 1315 1170 1414 prebebant:
1196 1313 1432 1412 quicquida
1476 1291 1477 1358 ἶ

333 1437 628 1537 ludimagistro
658 1439 943 1514 cavillationum
970 1439 1091 1539 spinis
1121 1462 1167 1514 ac
1194 1438 1346 1526 retibus
1361 1438 1431 1511 im·

331 1563 467 1662 pedito
491 1563 617 1640 minus
655 1563 814 1640 honeste
842 1563 989 1638 dictum
1016 1563 1219 1656 excideret,
1253 1563 1295 1638 in
1326 1563 1431 1638 dete·

331 1689 413 1764 rius
440 1688 719 1786 detorquebant
753 1686 920 1763 inaniter
952 1689 1097 1786 garruli
1125 1696 1167 1765 11
1192 1686 1426 1788 pervicaces.

334 1812 593 1888 Veruntamen
619 1812 715 1888 nibil
739 1812 796 1886 illi
836 1820 910 1894 tot
929 1811 1124 1909 tantisque
1149 1812 1307 1894 dotibus
1332 1837 1429 1913 prae·
1476 1831 1477 1836 ‘

333 1937 416 2014 dito
434 1938 662 2026 condonare,
689 1937 785 2012 nihil
812 1939 1036 2037 ignoscere;
1065 1935 1295 2034 dignitatem
1312 1938 1430 2014 etiam
1476 2015 1477 2022 Ν

332 2061 413 2137 suis
440 2062 564 2162 ipsius
587 2062 736 2138 meritis
763 2072 914 2163 partam
939 2060 1138 2162 despicate
1164 2061 1318 2151 habere,
1355 2062 1429 2163 hoc
1476 2129 1477 2138 1

332 2209 423 2260 sane
453 2185 549 2262 adeo
579 2187 800 2261 luctuosum
833 2191 905 2272 cst,
938 2193 995 2273 ut,
1021 2185 1055 2262 si
1089 2183 1185 2261 nihil
1218 2185 1430 2285 quidquam

331 2309 436 2385 aliud
453 2319 566 2398 esset,
584 2310 701 2385 animi
718 2310 767 2384 de
779 2331 938 2385 munere
954 2333 1025 2385 suo
1040 2309 1279 2386 deflectentis
1291 2313 1430 2411 proba·

331 2436 447 2512 bilem
462 2435 651 2520 rationem
668 2435 827 2512 reddere
844 2442 989 2533 posset.
1045 2433 1149 2518 Quid
1165 2435 1303 2535 plural
1348 2436 1427 2512 Ini-

330 2584 450 2658 quum
466 2584 545 2636 suae
562 2559 688 2636 aetatis
700 2557 894 2658 judicium
919 2557 1003 2658 spei
1028 2559 1185 2656 quidem
1203 2567 1429 2650 extremum,

329 2694 516 2761 ettamen
534 2709 736 2762 commune
753 2682 947 2770 solatium,
970 2683 1140 2781 graviter
1156 2683 1366 2776 imminuit,
1390 2695 1429 2761 st

329 2834 419 2885 cum
447 2813 570 2887 morbi
601 2811 775 2886 cruciatu
805 2807 1090 2906 confligentem,
1131 2818 1176 2885 ut
1204 2809 1339 2898 fertur,
1381 2811 1428 2886 de

331 2934 494 3008 sanitate
508 2944 695 3010 acmente
709 2934 864 3009 tandem
877 2932 1107 3010 deturbavit.
1144 2934 1286 3010 Utrum
1301 2933 1428 3010 infide
1476 3029 1477 3034 Ν

332 3056 547 3133 Servatoris
575 3059 635 3134 sui
659 3058 946 3156 quodammodo
974 3069 1076 3136 esset
1099 3059 1285 3149 infirmus,
1305 3059 1429 3158 judex

331 3189 414 3258 erto
432 3183 550 3272 Deus,
569 3182 875 3282 sapientissimus
893 3192 934 3260 11
951 3185 1117 3260 maxime
1131 3185 1321 3284 benignus
1338 3209 1428 3287 pec·

331 3306 426 3382 toris
442 3306 602 3382 humani
619 3316 824 3383 scrutator.

380 3432 442 3508 Ad
458 3431 558 3508 hanc
572 3433 865 3510 sacratissimam
879 3429 1081 3506 Musarum
1098 3433 1228 3507 sedem
1241 3431 1426 3508 accedens

330 3566 412 3632 crat
427 3557 597 3632 moribus
614 3557 774 3656 placidis
798 3567 839 3632 et
861 3558 1080 3634 mansuetis.
1132 3558 1272 3633 “Sunt
1294 3559 1362 3656 qui
1385 3581 1426 3632 se

330 3681 404 3779 ipsi
422 3704 492 3757 sna
507 3683 699 3780 gravitate
716 3690 757 3756 11
785 3681 1020 3772 castimonia,
1047 3693 1087 3758 et
1112 3706 1201 3760 cum
1225 3682 1426 3782 disciplina

330 3808 551 3895 domestica,
586 3817 671 3883 tum
698 3808 814 3882 etiam
843 3807 1008 3882 naturali
1033 3809 1134 3883 bono
1166 3808 1378 3884 defendunt
1391 3809 1425 3894 ;”

330 3931 397 4004 sed
413 3930 681 4005 adulescentia
695 3929 796 4004 inest
812 3932 977 4008 maxima
994 3933 1234 4008 imbecillitas
1253 3932 1422 4021 consilii;

329 4055 574 4154 praeceptoris
592 4056 819 4131 auctoritate
835 4067 875 4133 et
891 4057 968 4134 leni
991 4082 1108 4134 suasu
1130 4057 1341 4133 amicorum
1357 4058 1430 4161 dea=

329 4181 490 4257 stitutus
509 4181 620 4258 sociis
643 4181 799 4256 minime
817 4183 973 4282 optimis
991 4193 1029 4259 11
1047 4183 1324 4282 probatissimis
1341 4205 1450 4341 seseq

184 4349 188 4364 ·
328 4307 531 4406 implicuit.
585 4307 626 4384 Si
657 4307 877 4386 Dawesium
906 4309 947 4385 in
978 4309 1084 4384 omni
1113 4307 1194 4384 vita
1228 4333 1299 4384 sua
1332 4307 1423 4386 satis
1449 4354 1477 4404 η

331 4453 421 4508 sane
447 4433 692 4531 morigerum,
719 4441 770 4509 et·
790 4435 943 4533 egregie
974 4441 1163 4512 moratum
1194 4432 1423 4520 exhiberem,
1476 4431 1477 4490 i
