3118 4948
822 343 899 416 im

195 563 290 618 anor.
311 541 469 622 ilonir‘si
493 539 672 627 edm
705 538 810 636 quod
838 546 881 613 et
907 537 1224 654 vix-‘quenquam
1248 529 1427 610 '‘btcoe

218 631 263 680 ¹⁹·
306 643 452 745 potnit,
463 643 667 718 verbm
678 641 764 727 tw,
779 673 850 726 τιω,
869 643 910 712 et
923 635 1106 712 similium
1122 658 1290 734 priorem
1302 635 1427 710 rnorlo

195 733 463 870 ῖόοοπίρί,
488 741 603 816 modo
620 738 805 838 pmdnci3
833 759 923 814 oum
944 735 1425 823 menisminorum,

306 853 351 919 et
375 875 466 927 ruo,
504 849 545 916 et
570 863 656 937 quoe
684 838 773 914 binc
801 839 922 912 fluant
951 835 1196 934 temporibus,
1235 836 1343 910 nulla
1367 835 1425 909 sit

307 942 534 1040 quantitatis
556 938 732 1015 variatio.
785 935 870 1013 lloc
891 938 1048 1062 inqpram
1070 935 1323 1011 observarunt
1340 934 1426 1009 edi-

309 1051 428 1127 tores,
468 1040 611 1116 sedin
650 1038 707 1114 rai
737 1039 949 1124 observate
981 1035 1131 1111 ratione
1164 1031 1424 1133 prosoediaca

311 1140 576 1238 investiganda
603 1147 725 1214 onem
754 1159 862 1214 suam
887 1137 1030 1212 frustra
1055 1157 1270 1211 exercuere.
1334 1135 1422 1208 Nec

311 1263 402 1316 vero
416 1241 500 1316 sine
522 1237 600 1314 risu
622 1237 717 1314 alios
738 1237 901 1314 aliorum
919 1243 1138 1311 commenta
1151 1234 1267 1312 rideo
1285 1233 1421 1309 sannis

183 1359 187 1368 ·
307 1338 557 1438 excipient&
590 1361 681 1414 cunr
713 1338 788 1436 ipsi
818 1336 974 1412 interim
1003 1335 1098 1410 nibil
1131 1338 1150 1406 ὖ
1187 1367 1319 1452 anepos
1353 1357 1422 1408 ex-

307 1439 527 1538 cogitarint.
580 1439 696 1514 Ridet
717 1461 796 1514 non
820 1434 937 1512 semel
958 1434 1114 1510 doctiss.
1174 1435 1318 1510 lnrkrus
1345 1435 1421 1528 [ad

312 1540 358 1614 ll.
380 1547 423 1627 A,
440 1545 527 1616 314.
552 1547 594 1627 z,
615 1543 702 1612 tol.
729 1546 774 1625 Δ,
800 1541 887 1626 257,
910 1537 1010 1630 etc]
1050 1534 1221 1610 Bamesii
1250 1533 1420 1632 ineptias

310 1639 481 1714 vocalem
503 1673 523 1712 o
548 1637 589 1712 in
614 1641 696 1724 lvo,
727 1671 739 1710 ι
765 1636 806 1711 in
834 1669 892 1711 no
917 1657 1159 1710 communem
1188 1633 1419 1710 statuentis:
1521 1637 1522 1640 ‘

307 1759 401 1812 cum
428 1746 568 1824 tamen
603 1757 690 1832 qnae
722 1734 808 1836 ipse
840 1735 1161 1823 comminiscetur,
1195 1731 1418 1810 anrncsii

309 1835 469 1933 ineptiis
497 1836 615 1910 verbo
637 1835 824 1910 duntaxat
845 1843 959 1911 tenus
984 1835 1213 1940 discrepent
1265 1834 1417 1934 Nempe

311 1935 462 2010 vocaus
488 1969 507 2008 υ
533 1942 574 2009 et
601 1933 676 2008 ain
700 1935 813 2011 dictio
838 1957 884 2011 ac
911 1934 1099 2010 similibus
1126 1931 1250 2010 verbis
1279 1943 1418 2009 natura
1521 1957 1522 2030 j

311 2033 445 2132 longas
468 2055 551 2110 essa
576 2033 746 2121 censuit3
770 2035 1079 2140 obpositionem
1102 2057 1195 2110 rero
1210 2031 1416 2131 aliquando

306 2133 466 2231 corripi,
499 2140 686 2229 quatenus
719 2135 871 2210 scilicet
903 2134 1022 2209 altera
1051 2142 1232 2230 sequatur
1260 2133 1415 2209 vocalia

312 2231 365 2305 At
380 2232 483 2306 enirn
498 2232 632 2320 aliane,
657 2235 826 2325 obsecro,
850 2241 914 2310 est
931 2233 1216 2332 productorum,
1243 2229 1318 2308 alia
1334 2255 1416 2308 cor·
1521 2245 1522 2326 ξ

310 2339 507 2430 raptarum
532 2331 702 2448 positio?
763 2333 868 2412 Num
894 2333 1045 2412 diversa
1073 2357 1159 2412 esse
1187 2333 1416 2432 potost‘syl-

308 2431 481 2508 labarum
502 2432 753 2508 distributio?
802 2434 855 2510 At
880 2432 921 2507 ni
949 2432 1024 2510 boc
1048 2432 1130 2511 fieri
1149 2433 1284 2534 posit,
1309 2455 1414 2514 com·

308 2542 494 2620 mentum,
516 2555 596 2631 quo
622 2555 663 2608 sc
692 2539 773 2612 tun
803 2531 961 2611 mirifice
994 2533 1134 2612 extulit
1161 2533 1221 2614 vir
1245 2533 1413 2620 uacua,

310 2633 359 2706 ad
387 2633 556 2710 Bamesii
579 2631 742 2732 ineptias
764 2633 878 2731 plane
899 2633 1047 2710 recidit.
1101 2633 1182 2708 Nos
1199 2633 1414 2714 istiusmodi

310 2732 458 2807 vocales
489 2741 627 2810 natura
666 2735 802 2810 breves
833 2755 918 2811 esse
950 2732 1168 2823 statuimus,
1205 2733 1253 2812 iis
1283 2742 1414 2812 auteur
1521 2795 1522 2800 a

305 2829 448 2926 subjici
476 2841 653 2930 oportere
686 2840 959 2908 consonantem
992 2833 1087 2908 Vsu.
1152 2833 1247 2910 lissa
1279 2832 1413 2931 urique
1521 2867 1522 2870 ¹

309 2929 411 3002 inter
437 2928 530 3004 duas
556 2929 705 3006 vocales
733 2932 972 3008 intercedens
1000 2932 1042 3008 in
1072 2932 1231 3012 diversis
1261 2957 1333 3030 pro
1354 2955 1412 3010 ar·

309 3025 428 3101 bitrio
445 3026 597 3124 syllabis
609 3030 803 3105 enunciari
817 3030 969 3129 poterit.
1020 3031 1138 3109 Verbi
1154 3033 1289 3130 utiquc
1306 3037 1411 3110 lours

310 3124 477 3224 priorem
502 3151 575 3226 pro
607 3127 732 3204 lubitu
763 3130 994 3208 constituere
1017 3131 1151 3208 licebit
1178 3131 1241 3208 uel
1270 3135 1324 3222 lo,
1351 3132 1411 3208 vel

311 3227 413 3301 low:
449 3225 493 3304 Si
515 3250 541 3304 a
570 3227 692 3304 vocali
713 3227 912 3308 claudatur
932 3236 1066 3321 >tv-wo,
1082 3256 1158 3314 non
1174 3232 1320 3336 poterit
1335 3255 1410 3309 non

227 3336 299 3409 166
311 3325 473 3427 corripi:
512 3332 534 3374 ³
551 3326 611 3404 sin
638 3350 664 3404 a
692 3339 922 3408 consonante
952 3335 1085 3422 lewa
1115 3354 1201 3408 eam
1228 3331 1343 3410 simul
1357 3353 1410 3428 aaa

309 3427 584 3527 pronuncieris,
609 3451 655 3505 ea
677 3429 750 3508 erit
775 3430 852 3508 oris
867 3427 1059 3527 figuratio,
1087 3439 1131 3509 ut
1148 3439 1236 3508 ante
1254 3455 1410 3536 sequen-

309 3535 390 3602 tem
411 3530 580 3608 vocalem
597 3529 715 3610 altera
732 3555 767 3606 u
785 3530 997 3610 necaamrio
1013 3529 1066 3610 sit
1077 3529 1285 3610 efferenda
1337 3532 1407 3610 Fu·

306 3631 440 3702 turum
470 3652 560 3704 vero
600 3634 726 3706 tonso
753 3630 796 3709 in
832 3629 993 3730 syllabas
1024 3629 1080 3706 ita
1112 3632 1233 3710 secari
1265 3630 1409 3728 nequit,

311 3730 355 3797 ut
371 3725 536 3822 priorem
559 3730 750 3828 corripiat.
803 3729 944 3805 Similis
964 3736 1024 3806 est
1045 3730 1143 3806 ratio
1166 3732 1409 3830 prosoediaca

310 3825 515 3899 verborum
539 3849 648 3925 «wop,
676 3831 822 3918 lanczo,
857 3832 958 3918 lawa,
976 3835 1141 3921 clauos
1169 3830 1408 3934 aliorumque

303 3920 410 4000 'baud
427 3945 650 4023 paucorum.

355 4049 441 4126 'Nec
470 4069 562 4124 vero
590 4048 630 4121 in
666 4049 800 4125 mediis
831 4053 1018 4130 duntaxat
1051 4055 1179 4132 verbis
1213 4055 1407 4132 obtinebat
1521 4123 1522 4130 Ν

308 4149 550 4226 consonantis
567 4149 651 4224 Van
672 4148 807 4238 virtus,
835 4175 952 4250 quam
972 4156 1231 4252 exposuimus,
1256 4179 1406 4253 prosoe-
1521 4153 1522 4232 j

307 4249 426 4364 diaco.
479 4249 576 4328 Eam
593 4272 707 4348 porro
724 4249 899 4330 videmus
915 4251 955 4326 in
971 4257 1174 4332 verborum
1188 4255 1327 4332 itidem
1336 4255 1405 4330 ini·

308 4354 364 4421 tm
380 4351 602 4430 collocatam
617 4351 718 4427 vires
742 4373 786 4426 ac
809 4358 964 4452 tempus
991 4354 1055 4446 (ut
1067 4377 1160 4430 curn
1179 4356 1404 4432 Terentiano
1521 4405 1522 4420 ι
