3032 4958
795 409 821 460 X

153 604 242 654 usu·
258 595 391 686 qaater
407 585 570 676 denam,
586 609 791 688 perperam
807 584 918 661 toties
934 583 1105 660 adlibcrs‘
1123 609 1195 660 reon
1207 588 1292 686 pam
1308 589 1361 666 de

147 665 372 812 {mplius
387 735 581 798 asseverm·
606 711 651 788 id
663 735 748 786 vero
764 735 790 785 a
805 709 1029 811 scriptoram
1040 733 1126 786 aare
1142 712 1360 789 Gracorum

203 856 206 867 ¹
259 836 399 914 nemina
429 863 585 938 aaqrtam
610 839 764 937 sactum
799 861 880 912 csse
909 835 998 912 milri
1030 861 1255 936 persuasam
1284 849 1357 914 est.

260 960 371 1037 mna
405 961 562 1063 deniqne
599 987 671 1037 noa
704 960 883 1036 immerito
915 961 1217 1060 reprehenderis,
1259 963 1365 1062 qaod

260 1085 373 1162 acrba
389 1085 450 1160 hic
475 1093 672 1162 accurrant
687 1083 900 1183 analogiam
908 1085 1056 1185 partim
1072 1086 1245 1162 Atticam
1260 1113 1361 1187 par·

262 1207 327 1282 tim
349 1208 519 1284 Ioniacas
548 1209 761 1308 efferantia.
825 1209 1012 1286 Diversae
1039 1211 1166 1311 stipae
1198 1199 1362 1286 Gracia

261 1331 442 1408 dialectos
475 1334 647 1410 neminem
680 1357 836 1435 anquam
868 1335 968 1410 scria
998 1335 1209 1436 confudisse
1239 1335 1364 1411 credi·

261 1455 391 1546 desim
414 1456 489 1532 aiei
505 1458 569 1558 qai
585 1457 721 1535 aalmm
737 1471 912 1537 accurate
927 1461 1152 1536 intellexerit
1161 1459 1199 1535 ¹¹.
1241 1459 1364 1558 (lajas

261 1580 321 1656 rei
342 1593 558 1682 argumento
580 1585 759 1688 estquod
784 1587 891 1692 apad
913 1585 1204 1686 Aristophanem
1219 1582 1366 1684 legitur

262 1705 358 1783 Pac.
374 1713 462 1782 928.

312 1871 380 1941 ΤΡ.
433 1875 472 1943 Tr
490 1871 540 1944 das
553 1873 579 1906 ²²
597 1873 680 1947 δοκιι
695 1906 746 1948 σοι
759 1875 838 1956 dara
855 1909 920 1948 των
939 1877 1087 1959 latrum
1116 1877 1194 1948 XO.
1212 1871 1331 1946 OWl.

257 2136 358 2198 ’Ἃιδου
406 2143 585 2219 θανασίμους
633 2147 795 2222 οἰκήτορας.
829 2147 929 2219 tiatas,
956 2162 1000 2208 tot
1024 2168 1088 2209 ease
1113 2148 1305 2210 mutationum
1328 2161 1364 2208 ct

266 2241 351 2301 “Sic
375 2241 657 2322 Euripides—tole
678 2249 797 2325 οἰκήτωρ
828 2253 1040 2333 progressionis
1066 2253 1182 2328 indicia,
1215 2265 1288 2334 quat
1313 2252 1363 2314 lo·

264 2349 339 2418 θεοῦ,
360 2345 505 2408 Androm.
519 2350 626 2410 1092?
829 2357 938 2436 quendi
963 2357 1144 2420 characteres
1172 2359 1363 2422 constituant.

305 2455 354 2510 21.
373 2451 513 2532 Append.
538 2473 570 2533 p.
591 2459 662 2516 682.
699 2455 797 2524 “Qui
829 2459 1365 2543 ladialectorumprogressionequae-

263 2553 430 2615 existimant
458 2555 623 2618 Homerum
656 2559 797 2622 dialectos
829 2583 887 2642 qne
912 2567 1045 2646 superior
1064 2566 1207 2628 dialectus
1227 2579 1363 2646 sequutae

262 2679 362 2738 prore
376 2673 407 2722 et
426 2662 578 2723 occasione
594 2665 796 2739 immiscuisse,
828 2669 969 2750 principia
996 2671 1172 2732 continebat.
1224 2669 1363 2749 Namque

263 2779 323 2824 non
337 2765 477 2843 cogitant,
491 2767 572 2846 quod
586 2782 683 2830 tamen
694 2791 795 2832 verum
829 2773 995 2853 linguarum
1006 2773 1218 2848 innovationes,
1231 2795 1296 2855 quae
1306 2775 1361 2834 de·

264 2885 329 2927 esse
343 2869 469 2942 videtur,
482 2871 796 2935 dialectosnihilaliud
831 2879 932 2958 inceps
953 2880 994 2940 ita
1013 2880 1155 2953 valerent,
1181 2894 1216 2941 ut
1235 2880 1363 2961 majores

264 2989 329 3031 esse
350 2972 407 3032 nisi
427 2974 513 3034 unius
535 2989 566 3036 ct
588 2976 719 3056 ejusdem
740 2977 797 3039 lin·
830 2983 1014 3044 characteres
1041 2987 1102 3046 sive
1123 2985 1263 3048 dialectos
1283 2987 1362 3048 iacc-

264 3095 333 3152 guae
367 3077 545 3138 mutationes
571 3080 646 3141 inter
674 3101 797 3162 progre-
830 3100 906 3161 rent,
939 3109 998 3152 non
1031 3093 1130 3153 subito
1160 3093 1246 3154 facte
1280 3106 1361 3154 sunt.

264 3177 404 3240 diendnm
424 3179 586 3243 aradibus
607 3185 668 3244 suis
688 3187 797 3266 princi·
831 3189 942 3253 Verum
967 3191 1044 3254 enim
1068 3193 1141 3256 dum
1163 3215 1241 3256 nova
1262 3195 1363 3276 aliqua

262 3285 321 3365 piis
335 3285 372 3346 ad
385 3286 560 3367 elegantiam
573 3287 675 3350 lactas.
708 3289 796 3352 Grae·
830 3317 886 3358 usu
906 3298 1034 3371 veniant,
1055 3299 1148 3361 multa
1168 3313 1268 3362 vetera
1285 3322 1361 3362 non·

264 3407 329 3452 eam
348 3389 480 3472 linguam
497 3393 728 3473 antiquissimam
741 3418 798 3478 pu·
830 3401 901 3463 dnm
914 3402 1106 3466 exolescuntz
1120 3425 1175 3467 nce
1188 3405 1252 3468 fieri
1264 3406 1362 3486 potuit

264 3504 324 3553 tem
347 3515 366 3556 a
391 3509 491 3558 vetere
519 3495 634 3562 AEolico
655 3501 734 3565 haud
753 3503 796 3565 ita
826 3509 899 3588 quin
920 3508 1012 3570 multa
1027 3509 1102 3572 adeo
1116 3511 1360 3574 necessitudinem

263 3597 410 3660 diversam
440 3601 551 3678 suisse3
596 3619 627 3666 et
663 3607 795 3690 linguam
826 3611 968 3676 haberent
978 3617 1067 3678 etiam
1076 3618 1107 3678 in
1116 3617 1250 3698 plurimis
1261 3619 1359 3680 direr-

263 3698 401 3777 Graeciae,
436 3705 560 3769 florente
593 3707 717 3787 AEolica,
761 3727 796 3776 ut
828 3718 953 3782 sissimae
967 3722 1092 3785 dialecti.
1136 3723 1220 3792 Quot
1234 3723 1359 3786 AEolicae

263 3819 367 3886 postea
392 3811 560 3886 vocabatur,
587 3816 718 3879 nondum
742 3819 794 3880 illo
827 3844 894 3887 cnm
918 3826 1028 3900 Ionica,
1059 3842 1132 3910 quot
1156 3829 1266 3892 lonicae
1290 3851 1358 3892 cum

263 3911 457 3975 dialectorum
479 3915 644 3983 discrinim
673 3923 793 4005 insigni·
826 3943 924 3994 vetere
943 3932 1044 3994 Attica
1063 3947 1132 3996 sunt
1152 3935 1359 3996 communial’'

263 4028 343 4088 tamt
378 4017 477 4100 itaque
511 4024 640 4087 nondum
676 4030 794 4093 nomina
825 4033 973 4098 Bnaanss.
998 4037 1055 4098 Pn.
1078 4040 1256 4113 xix-xxi.;
1279 4041 1355 4101 coni·

263 4119 404 4196 Aeolidae,
428 4124 521 4198 Iudae,
550 4129 690 4210 llrdtdoc,¹
709 4133 791 4198 inno·
826 4139 947 4208 Quintil.
963 4163 1026 4216 vm,
1040 4144 1080 4218 iii,
1096 4151 1145 4218 59,
1161 4151 1210 4206 60.

264 4227 370 4300 tuisse3
384 4249 487 4293 verum
500 4233 586 4295 hasce
599 4235 739 4302 dialectos
752 4243 790 4302 ab
865 4252 914 4308 22.
945 4253 965 4282 ‘⁸
988 4253 1017 4308 ri
1038 4249 1071 4322 δὴ
1094 4249 1164 4312 Ald.
1184 4250 1305 4313 Kaster.
1328 4265 1359 4313 ct

262 4331 462 4410 antiquissima
488 4337 597 4418 lingua,
632 4358 661 4404 et
685 4343 790 4414 deinde
821 4349 840 4411 J
844 4365 904 4413 unt·
920 4358 946 4413 1.
961 4359 999 4435 τῷ
1014 4353 1358 4426 arsum.a.’'1c1’.es

262 4433 336 4498 adeo
350 4439 387 4500 ab
401 4439 521 4519 AEolica,
536 4447 681 4528 proiectas
694 4465 724 4514 et
738 4475 788 4516 va·
822 4457 858 4517 P.
873 4458 910 4520 P.
924 4459 966 4520 D.
