3094 4946
663 415 732 486 15⁷

143 605 244 684 ludit
259 627 322 682 me
343 603 536 694 memoria,
552 604 753 702 aliquando
772 603 863 681 vidi.
917 599 1059 678 Verum
1074 601 1177 678 istud
1196 598 1244 674 ab
1256 617 1346 668 uror.

143 707 298 782 homins
315 706 493 804 imperito
505 705 651 780 factum
675 727 757 780 esse
770 704 864 778 mihi
884 711 1108 801 persuasum
1125 700 1243 776 sedet.
1255 683 1355 802 j}-

146 807 301 904 Quippe
323 805 356 880 si
373 806 479 882 vocis
497 806 696 888 Θουκυδιδης
715 803 931 901 ‘analogiam
952 809 1115 900 spectes,
1136 801 1248 882 adme
1357 811 1364 820 ·

145 913 188 980 et
222 908 329 990 κυδος,
359 906 463 1000 quod
496 904 661 1001 priorem
688 926 839 1002 semper
872 899 1062 1000 producit,
1092 895 1247 972 formari

145 1003 258 1078 facile
281 1003 438 1078 videbis.
491 1003 646 1100 Syllaba
667 1004 801 1100 ntique
821 1009 890 1074 οου
908 999 1006 1074 crasi
1018 997 1157 1074 Atticis
1175 995 1248 1070 sol-

144 1099 301 1178 lemni⁶³
330 1103 462 1178 lonico
490 1105 540 1176 θεο
569 1103 801 1200 aequipollet,
817 1110 905 1174 'non
929 1121 1038 1174 secus
1066 1106 1182 1192 atque
1206 1093 1247 1166 in

146 1207 364 1298 Oovppamc
392 1211 433 1276 et
465 1208 647 1296 Θουφιινης.
711 1201 809 1274 Cum
847 1197 1022 1296 analogia
1053 1191 1248 1292 conspirat

145 1299 412 1398 Aristophanis
429 1302 649 1388 auctoritas,
675 1299 837 1375 Acharn.
857 1303 945 1372 703.
1156 1313 1160 1324 ’
1180 1322 1203 1337 ··

396 1481 450 1572 'sp
467 1510 534 1576 γαρ
550 1509 634 1558 εικος
656 1477 757 1573 ανδρα
776 1431 893 1568 scopora
907 1475 1022 1568 hhrxov
1041 1467 1251 1548 Θουκῦδιὸην.

150 1576 236 1647 708.
395 1583 445 1657 Oc
461 1609 506 1667 μα
522 1609 580 1658 την
597 1583 731 1671 Δημητρ
752 1606 869 1654 ereccon
886 1577 958 1656 ἡνικ
975 1604 1013 1654 ην
1039 1567 1252 1648 Θουκῦδιδης.

149 1670 263 1770 Vesp.
280 1677 368 1748 941.
394 1671 497 1773 Ὀπερ
515 1708 592 1748 ποτε
608 1693 735 1773 drayton
751 1674 844 1746 επαθε
860 1703 914 1748 και
933 1667 1140 1750 θουκῦδιδης.
1179 1707 1200 1732 ι·
1268 1697 1270 1704 ’

150 1845 286 1919 Monet
310 1844 351 1918 in
378 1845 614 1944 Thucydidis
646 1845 728 1920 vita
758 1840 1003 1918 Marcellinus
1035 1839 1097 1938 [p.
1124 1843 1162 1911 9.
1190 1835 1251 1910 ed.

151 1945 319 2038 Duker]
347 1945 572 2043 sepulchrali
598 1944 699 2019 illius
726 1943 910 2019 columnae
937 1939 1115 2039 primitus
1132 1935 1253 2026 [unice

149 2043 380 2143 inscriptum
421 2044 538 2119 fuisse
575 2049 733 2119 ΘΟΥΚΥ
732 2047 885 2142 1ΔΙΔΗΣ
925 2041 1111 2113 ΟΛΟΡΟΥ
1147 2033 1253 2132 ἈΛΙῇ

151 2150 381 2240 ΜΟΥΣΙΟΣ,
429 2153 564 2244 postea
595 2167 687 2219 vero
726 2167 749 2216 a
780 2141 910 2217 nescio
950 2161 1026 2236 quo
1061 2131 1255 2230 adJ'ectnm

152 2253 342 2320 ΕΝΘΑΔΕ
369 2251 537 2319 ΚΕΙΤΑΙ.
589 2242 717 2339 Hujus
735 2241 871 2339 opinor
891 2232 1140 2313 additamenti
1165 2253 1254 2306 auc·

151 2353 214 2420 tor
237 2367 392 2421 versum
413 2368 455 2419 se
478 2343 675 2418 heroicum
700 2337 947 2438 complevisse
965 2335 1169 2410 arbitratus
1185 2338 1255 2417 est,

151 2468 232 2519 non
246 2444 371 2520 minus
397 2443 561 2519 fortasse
586 2442 722 2516 beatur
740 2462 855 2538 quam
873 2435 1046 2512 absoluta
1062 2428 1255 2506 Homerus

155 2543 315 2620 Viliade.
350 2543 402 2620 At
417 2567 493 2642 quo
507 2540 655 2640 judicio
667 2540 707 2614 id
721 2539 866 2614 factum
878 2536 1006 2621 fuerit,
1020 2555 1069 2607 ex
1085 2553 1130 2604 ea
1142 2548 1257 2625 quam

154 2644 395 2722 exhibuimus
412 2641 586 2740 analogia
603 2649 643 2716 et
658 2637 842 2736 exemplis
858 2633 1008 2709 abunde
1025 2635 1184 2704 constat
1232 2719 1234 2724 Ι

203 2745 239 2821 Α
257 2742 481 2818 Callimachi
498 2742 643 2817 editore
660 2739 709 2814 ad
726 2738 852 2835 ipsum
863 2755 966 2808 nunc
984 2724 1258 2821 Callimachum

153 2852 403 2920 transeamus.
458 2835 734 2916 Callimachum
763 2835 942 2932 inquam:
979 2850 1068 2902 nam
1085 2825 1133 2898 de
1151 2822 1259 2922 hym·

155 2941 294 3019 norum
311 2942 440 3017 Poetoe
462 2941 563 3014 illins
581 2936 733 3013 nomine
751 2927 1088 3008 cohonestatornm
1104 2932 1259 3021 auctore

157 3065 226 3118 seu
249 3041 380 3144 potius
406 3040 638 3125 auctoribus,
665 3034 759 3133 quid
786 3029 1005 3117 sentiamus,
1034 3025 1056 3070 *¹
1073 3022 1187 3097 hodie
1202 3029 1259 3096 ta-
1296 3017 1347 3090 96

159 3145 352 3228 cebimns;
380 3163 461 3216 cras
478 3136 649 3214 fortassis
670 3157 713 3210 re
737 3131 953 3209 accuratius
982 3143 1172 3228 perpensa
1197 3141 1262 3194 ex·

158 3243 322 3344 posituri
333 3247 369 3338 †.

160 3471 218 3534 An.
246 3472 300 3532 Gr.
327 3491 381 3543 rm,
409 3475 478 3530 265.
514 3465 687 3538 θουκνδίδην
737 3455 945 3534 Anthologiam
994 3451 1159 3541 Graecam·
1180 3441 1264 3502 illurn

158 3554 278 3632 Ὀλόρου
292 3549 468 3630 Κεκροπίδην
482 3549 513 3609 rd
528 3553 621 3623 γένος.
645 3565 687 3606 rv.
736 3538 886 3618 egregium
901 3533 995 3594 omnis
1008 3528 1185 3620 eruditionis,
1194 3538 1264 3598 cog·

182 3637 349 3703 ,arsam
367 3635 435 3690 125.
456 3627 585 3689 ‘ihomas
596 3625 686 3686 Scho·
737 3607 1130 3700 nitionis,atqueelegant1ae
1147 3603 1265 3694 mesan-

159 3651 279 3772 [suem
301 3716 366 3770 Σεῑο
387 3713 491 3778 πόνους
535 3711 610 3778 ahio,
628 3711 687 3776 Δη-
736 3716 812 3766 rum,
826 3693 971 3773 appellare
983 3707 1075 3781 sermo
1094 3680 1265 3765 qumllpt-

161 3793 310 3869 μόσθενες,
325 3792 383 3870 εἰμὶ
403 3789 432 3848 δὲ
453 3790 523 3860 λίην
544 3789 601 3846 Καὶ
621 3791 685 3864 φιλ·
735 3757 1266 3858 ςΥαΜΜωκμΜωΓΗβωοῙι

163 3871 335 3950 cometiae,
347 3873 392 3930 tul
405 3865 644 3950 φιλοθουκυδίδης.
659 3884 689 3923 v.
739 3857 777 3918 ad
786 3852 906 3916 Anthol.
920 3851 974 3912 Gr.
984 3869 1014 3930 p.
1025 3852 1094 3908 300.
1105 3843 1193 3938 Ι(ὶιιιι
1208 3855 1267 3900 non

184 3994 192 4009 .
213 3955 347 4020 ³96==n,
370 3955 439 4013 470.
473 3944 644 4016 θουκυδέδης
669 3942 691 4001 δ’
737 3936 845 4018 pulcre,
860 3933 935 4002 dena
949 3937 1033 4000 recte,
1046 3936 1132 3986 tertio
1151 3935 1268 4001 quoque

163 4053 176 4088 ε
243 4033 294 4101 Cer
313 4027 363 4088 ida
382 4033 461 4100 νόον,
482 4031 518 4098 ἣν
540 4023 569 4086 δὲ
591 4033 692 4092 νοῆσαι
742 4016 832 4075 verbo
845 4011 978 4091 ingeret?
1257 4004 1264 4038 '

164 4111 243 4174 Vide
256 4113 295 4172 R.
305 4111 342 4170 P.
359 4107 469 4190 Opnsc.
478 4129 506 4187 p.
517 4112 567 4167 50.
589 4102 692 4162 “Mihi
784 4100 832 4154 63.
853 4092 929 4151 Vide
943 4107 1031 4169 supra
1046 4107 1075 4165 p.
1092 4085 1160 4142 los.
1202 4075 1267 4134 ΕΡ

165 4213 236 4254 vero
259 4211 324 4254 non
342 4209 512 4270 persuasum
533 4185 616 4254 sedet.
641 4181 694 4241 aad
743 4174 820 4253 chyl.
836 4172 974 4250 Septheb.
990 4171 1059 4227 650.
1075 4163 1118 4220 Ὠ
1132 4155 1268 4235 θεομανές

166 4275 237 4334 mihi
256 4291 428 4352 paramsum
447 4279 497 4338 est,
517 4268 582 4326 haec
605 4263 696 4322 verba
744 4279 774 4316 rs
788 4255 832 4312 καὶ
846 4255 919 4310 θεῶν
933 4251 1010 4328 μέγα
1027 4243 1139 4315 στύγος.
1207 4295 1212 4306 .

167 4372 224 4412 non
232 4373 320 4432 posse
330 4349 469 4419 adhiberi,
479 4347 535 4406 nisi
543 4347 580 4404 ab
586 4341 694 4420 anglo,
786 4341 806 4406 †
827 4329 897 4390 vid.
912 4322 1047 4418 Append.
1060 4339 1088 4397 p.
1102 4321 1137 4408 2l
1150 4313 1177 4371 ‘·
1212 4309 1270 4370 Sed

168 4435 245 4496 fastu
266 4433 364 4512 pleno,
385 4448 471 4506 quern
498 4443 557 4487 non
579 4421 696 4503 puduit,
744 4429 863 4492 operam
875 4427 958 4472 suam
970 4405 1109 4466 alrorsnrn
1123 4391 1255 4454 eontulit.
