3094 4946
811 427 884 496 110

191 647 281 699 sacr.
348 621 576 721 Dionysium
598 619 968 696 Halieumassensem
994 615 1035 693 iu
1057 621 1225 693 tractatu
1245 635 1401 691 accura-

206 715 254 763 111.
297 723 445 800 iisflimo
460 756 533 824 περι
544 755 602 806 της
613 756 678 796 των
692 755 860 814 ooopertus
877 717 1065 802 wodemo?
1080 718 1259 793 instituto
1269 715 1401 792 Videre

181 817 282 836 ““““
296 831 357 899 est
373 823 476 898 istud
492 846 541 898 ex
559 821 785 920 Thucydide
801 819 1102 896 describentem:
1130 817 1179 891 Οι
1197 851 1254 908 μεν
1274 819 1401 890 πολλοι

216 949 223 963 ’
255 951 262 970 “·
296 956 362 996 των
378 925 486 996 rabodo
508 923 566 1007 ηδη
584 953 755 1022 ειρηκοτων
775 953 938 996 επαινουσι
956 951 1016 992 τον
1038 921 1219 1013 προσθεντα
1243 949 1288 1012 τῳ
1310 949 1400 1013 sopp

297 1054 356 1096 rou
377 1026 483 1122 λογον
506 1024 609 1110 sorde,
635 1024 680 1104 ὡς
697 1026 802 1094 rohos
819 1054 870 1094 επι
887 1052 957 1101 τοις
975 1051 1009 1091 εκ
1026 1051 1091 1092 των
1113 1022 1263 1110 πολεμων
1274 1019 1402 1090 ’θαπτο-

297 1154 403 1212 μενοις
421 1124 627 1221 αγορευεσθαι
643 1153 752 1195 aaron.
803 1118 951 1194 Deinde
970 1126 1100 1192 autem
1119 1116 1193 1191 loci
1217 1116 1400 1214 descripti

297 1223 468 1296 membra
489 1221 537 1295 ad
563 1219 781 1318 syllabicam
806 1219 1059 1317 quantitatem
1083 1216 1234 1314 singula
1267 1215 1400 1312 exigit,

299 1319 486 1418 docetque
503 1318 742 1418 magnificam
759 1319 941 1396 orationis
951 1325 1183 1392 structuram
1196 1339 1244 1390 ex
1257 1316 1400 1432 pedum

298 1419 445 1518 ratione
470 1443 514 1495 ac
537 1419 663 1494 valore
713 1419 927 1495 otissimum
950 1417 1127 1516 pendere.
1180 1415 1267 1490 Pan
1284 1417 1399 1492 modo

298 1519 459 1594 alterum
469 1543 516 1593 ex
527 1443 833 1608 Platonehocum
849 1541 893 1594 ac
905 1517 1062 1592 tertium
1079 1539 1126 1590 ex
1143 1514 1400 1591 Demosthene

298 1613 428 1693 laudat
461 1619 728 1716 expenditque.
798 1617 900 1694 Hinc
932 1611 1078 1716 liquido
1112 1623 1263 1692 constat
1296 1615 1399 1714 ipsos

299 1719 453 1794 Graecos
470 1741 679 1793 sermonem
696 1742 774 1793 non
796 1717 921 1792 minus
941 1717 1158 1816 pedestrem
1184 1739 1300 1815 quam
1319 1739 1400 1790 ver-

298 1815 402 1891 sibus
420 1817 640 1892 conclusum
663 1817 778 1915 juxta
797 1816 1024 1916 syllabarum
1043 1825 1219 1916 tempora
1235 1839 1401 1932 pronun-

299 1915 399 1990 ciare
415 1915 560 1990 solitos.
610 1915 732 2015 Atqui
748 1916 999 1992 dicendumne
1016 1925 1087 2004 est,
1112 1940 1136 1992 o
1159 1916 1250 1992 bour
1268 1939 1401 1992 accen-

298 2023 410 2089 tuum
432 2013 611 2103 fautores,
631 2027 745 2092 rectae
769 2016 905 2091 rationi
933 2027 1228 2091 consentaneum
1254 2040 1336 2091 esse
1356 2025 1401 2090 ut

298 2113 413 2195 hodie
431 2116 708 2214 pronunciandi
725 2117 875 2216 regulas
893 2117 941 2193 ab
958 2116 1052 2216 ipsis
1071 2116 1213 2191 Graecis
1231 2125 1400 2192 servans

197 2221 216 2294 ’,
298 2236 375 2288 non
397 2213 478 2310 jam
506 2217 696 2292 commodi
717 2217 1002 2316 amplectamur,
1028 2217 1095 2290 sed
1123 2213 1401 2316 aspernabundi

219 2359 226 2366 ·
300 2315 593 2390 conculcemust
646 2315 788 2402 Quidni
806 2315 989 2416 pergatis,
1004 2318 1178 2406 obsecro,
1203 2326 1316 2414 atque
1332 2313 1401 2389 ho·

299 2413 441 2489 minem
472 2415 636 2491 insanire
670 2417 860 2506 statuatis,
903 2416 969 2514 qui
1005 2417 1178 2515 linguam
1216 2415 1400 2492 Gallicam

296 2511 431 2606 efferat
473 2513 587 2613 juxta
629 2517 905 2616 pronunciandi
938 2516 1125 2593 rationem
1158 2515 1261 2614 apud
1296 2517 1400 2616 ipsos

296 2613 430 2712 xGallos
452 2615 715 2692 obtinentem?
767 2619 886 2694 Porro
910 2627 1039 2694 autem
1058 2615 1152 2691 locis
1173 2639 1221 2690 ex
1249 2613 1401 2718 Thucy7

211 2713 258 2787 71
298 2713 399 2802 dide,
419 2711 587 2805 Platone,
604 2726 644 2792 et
656 2717 913 2794 Demosthene
928 2717 1092 2794 laudatis
1107 2713 1222 2790 ulium
1240 2718 1400 2792 *contra

296 2848 440 2912 πονηρου
466 2817 660 2910 ropporoc†
681 2819 883 2916 subjungit
907 2817 1115 2916 Dionysius
1142 2841 1192 2892 ΘΧ
1214 2811 1401 2914 Hegesi8⁶

295 2913 475 3010 Sophiste
502 2917 689 3012 petitum;
730 2927 932 3012 monetque
966 2952 1025 3000 την
1058 2951 1123 2990 των
1158 2919 1400 3016 φλυαρηματων

295 3044 503 3093 sannorum
526 3013 566 3085 in
592 3035 638 3086 eo
664 3013 900 3089 observatam
924 3013 964 3086 in
987 3013 1244 3089 erubescenda
1269 3040 1400 3090 uume-

292 3132 424 3206 rorum
446 3107 610 3199 vilitate,
638 3110 671 3186 si
699 3135 776 3188 non
806 3112 974 3202 omnino,
1001 3119 1167 3188 atcerte
1196 3115 1399 3190 maximam

293 3217 443 3308 partem
457 3209 673 3284 consistere.
725 3213 808 3310 Age
822 3210 958 3309 igitur;
986 3211 1182 3310 syllabicas
1196 3206 1399 3288 verborum

295 3309 540 3406 quantitates,
574 3318 691 3412 prout
722 3335 745 3386 a
779 3311 963 3410 Dionysio
998 3310 1260 3408 designantur,
1294 3314 1398 3412 apud

294 3483 381 3546 hodie
393 3495 565 3566 praestantes
578 3503 677 3545 earum
691 3503 821 3564 propug·
871 3495 950 3546 tetur
962 3485 1123 3548 aneieius
1141 3487 1180 3546 ad
1195 3485 1280 3548 Auel.
1296 3485 1351 3547 Gr.
1367 3479 1397 3568 p.

206 3571 247 3640 i,
292 3581 410 3628 naiores
436 3567 599 3628 intersum
621 3566 752 3626 alumnos
776 3583 821 3626 re·
874 3569 920 3626 la.
962 3573 981 3604 “
989 3567 1109 3628 Arcadii
1125 3567 1214 3628 hodie
1230 3579 1312 3628 extat
1329 3567 1399 3628 Bib-

291 3658 401 3708 censet.
435 3647 639 3707 Trnwurrrus
667 3647 822 3706 “Domerii
871 3646 953 3708 lioth.
981 3649 1074 3728 Regia
1092 3648 1248 3710 Parisienai
1267 3674 1330 3730 περι
1349 3675 1398 3710 το-

294 3725 464 3784 sententiam
485 3727 635 3806 amplexus
656 3748 720 3789 esse
741 3727 821 3787 vide·
873 3751 923 3788 von
944 3754 1000 3789 των
1020 3754 1090 3791 osne
1110 3753 1204 3808 μερων
1227 3754 1276 3790 roo
1299 3733 1399 3815 λογον,

291 3811 350 3872 tur,
378 3803 428 3880 qui
456 3815 515 3864 non
544 3819 655 3868 tantum
685 3821 821 3868 accentus
872 3821 918 3866 rar
932 3815 1203 3888 περιΕΥΡΕΣΕΩΣ
1214 3811 1292 3866 Tun
1304 3813 1397 3869 ΠΡΟ-

293 3881 408 3960 abjscit,
420 3885 473 3943 sed
486 3886 572 3945 etiam
587 3907 722 3966 asperum
736 3888 821 3966 spiri-
871 3893 1030 3962 ΣΩΔΙΩΝ,
1050 3891 1199 3968 scriptum,
1218 3889 1298 3966 quod
1316 3889 1396 3949 litem

295 3977 365 4033 tum,
384 3965 433 4022 ubi
448 3965 476 4022 in
489 3967 672 4044 praecedente
685 3981 818 4044 asperata
870 3969 943 4030 hanc
963 3971 1086 4030 fortasse
1110 3970 1245 4028 dirimere
1264 3969 1398 4046 poterit.''

293 4057 469 4104 consonante
494 4045 540 4103 via
566 4045 673 4124 abjecti
699 4047 819 4124 spiritua
868 4050 948 4110 Idem
960 4051 997 4109 ad
1013 4051 1052 4108 R.
1064 4050 1106 4109 D.

288 4123 443 4184 efferatur:
478 4143 507 4182 v.
536 4144 561 4183 c.
594 4129 635 4205 so’
660 4128 819 4203 erumpas?
911 4099 1397 4210 5.vol.11‚p.1t.ed.Sylhurg.

287 4205 429 4285 Bargose.
458 4205 488 4264 iu
516 4205 651 4266 Dedicat.
677 4206 761 4268 Fasc.
786 4227 818 4268 n.
863 4205 1003 4288 Thucyd.
1011 4210 1040 4279 ii,
1055 4215 1105 4269 35.
1383 4239 1386 4245 ·

293 4283 374 4344 Mus.
388 4285 487 4347 Oxou·
500 4285 534 4346 P.
551 4285 661 4362 aviiist.
692 4285 818 4348 Univer·
908 4293 929 4364 †
952 4289 1102 4368 Aristoph.
1113 4289 1190 4348 Plut.
1205 4294 1273 4352 868.
1288 4297 1356 4352 958.
1381 4341 1385 4352 ,

292 4385 353 4424 sam
372 4387 488 4446 quoque
508 4368 545 4428 de
563 4367 729 4428 accentibus
745 4369 816 4430 doc·
908 4375 936 4442 6.
959 4369 1048 4435 Dion.
1061 4369 1131 4432 Hal.
1142 4370 1164 4432 l.
1175 4389 1204 4438 c.

290 4446 393 4506 trinam
411 4469 509 4510 senon
520 4447 592 4510 assis
609 4447 703 4526 facere
723 4449 815 4528 proh-
