<?xml version="1.0" encoding="UTF-8"?>
<!DOCTYPE html PUBLIC "-//W3C//DTD XHTML 1.0 Transitional//EN"
    "http://www.w3.org/TR/xhtml1/DTD/xhtml1-transitional.dtd">
<html xmlns="http://www.w3.org/1999/xhtml" xml:lang="en" lang="en">
 <head>
  <title>
</title>
<meta http-equiv="Content-Type" content="text/html;charset=utf-8" />
  <meta name='ocr-system' content='tesseract 3.04.00' />
  <meta name='ocr-capabilities' content='ocr_page ocr_carea ocr_par ocr_line ocrx_word'/>
</head>
<body>
  <div class='ocr_page' id='page_1' title='image "./ricardidawesiim01kiddgoog_0222.png"; bbox 0 0 3094 4946; ppageno 0'>
   <div class='ocr_carea' id='block_1_1' title="bbox 645 413 714 482">
    <p class='ocr_par' dir='ltr' id='par_1_1' title="bbox 645 413 714 482">
     <span class='ocr_line' id='line_1_1' title="bbox 645 413 714 482; baseline 0 0"><span class='ocrx_word' id='word_1_1' title='bbox 645 413 714 482; x_wconf 81' lang='lat'><strong>151</strong></span> 
     </span>
    </p>
   </div>
   <div class='ocr_carea' id='block_1_2' title="bbox 126 593 1341 1102">
    <p class='ocr_par' dir='ltr' id='par_1_2' title="bbox 126 593 1341 1102">
     <span class='ocr_line' id='line_1_2' title="bbox 262 593 1326 708; baseline -0.005 -31"><span class='ocrx_word' id='word_1_2' title='bbox 262 603 302 676; x_wconf 77' lang='lat' dir='ltr'><em>A</em></span> <span class='ocrx_word' id='word_1_3' title='bbox 322 593 415 704; x_wconf 78' lang='lat' dir='ltr'><strong>rege</strong></span> <span class='ocrx_word' id='word_1_4' title='bbox 422 603 578 702; x_wconf 71' lang='lat' dir='ltr'><strong>petitor.</strong></span> <span class='ocrx_word' id='word_1_5' title='bbox 631 602 730 678; x_wconf 79' lang='grc' dir='ltr'><strong>(ΕΙ).</strong></span> <span class='ocrx_word' id='word_1_6' title='bbox 758 599 871 704; x_wconf 80' lang='lat' dir='ltr'><strong>Soepe</strong></span> <span class='ocrx_word' id='word_1_7' title='bbox 885 601 946 679; x_wconf 75' lang='lat' dir='ltr'><strong>oet</strong></span> <span class='ocrx_word' id='word_1_8' title='bbox 965 602 1095 704; x_wconf 55' lang='lat' dir='ltr'><strong>&amp;guo</strong></span> <span class='ocrx_word' id='word_1_9' title='bbox 1106 605 1326 708; x_wconf 59' lang='lat' dir='ltr'><strong>aagdesecr</strong></span> 
     </span>
     <span class='ocr_line' id='line_1_3' title="bbox 261 689 1310 802; baseline 0.003 -26"><span class='ocrx_word' id='word_1_10' title='bbox 261 703 371 802; x_wconf 80' lang='lat' dir='ltr'><strong>Regi</strong></span> <span class='ocrx_word' id='word_1_11' title='bbox 386 713 498 802; x_wconf 80' lang='lat' dir='ltr'><strong>atquc</strong></span> <span class='ocrx_word' id='word_1_12' title='bbox 513 703 913 802; x_wconf 73' lang='lat' dir='ltr'><strong>regaonarotibertm</strong></span> <span class='ocrx_word' id='word_1_13' title='bbox 929 703 1040 779; x_wconf 76' lang='lat' dir='ltr'><strong>obeat.</strong></span> <span class='ocrx_word' id='word_1_14' title='bbox 1263 689 1310 738; x_wconf 85' lang='lat'><strong>¹¹¹·</strong></span> 
     </span>
     <span class='ocr_line' id='line_1_4' title="bbox 126 791 1341 902; baseline 0.003 -26"><span class='ocrx_word' id='word_1_15' title='bbox 126 803 206 876; x_wconf 86' lang='lat' dir='ltr'><strong>CR.</strong></span> <span class='ocrx_word' id='word_1_16' title='bbox 253 801 343 876; x_wconf 76' lang='lat' dir='ltr'><strong>&#39;Ubi</strong></span> <span class='ocrx_word' id='word_1_17' title='bbox 358 829 429 902; x_wconf 74' lang='lat' dir='ltr'><strong>aare</strong></span> <span class='ocrx_word' id='word_1_18' title='bbox 443 803 531 877; x_wconf 75' lang='lat' dir='ltr'><strong>licet</strong></span> <span class='ocrx_word' id='word_1_19' title='bbox 548 813 681 890; x_wconf 83' lang='lat' dir='ltr'><strong>tacere,</strong></span> <span class='ocrx_word' id='word_1_20' title='bbox 697 804 791 901; x_wconf 81' lang='lat' dir='ltr'><strong>qaid</strong></span> <span class='ocrx_word' id='word_1_21' title='bbox 805 804 971 902; x_wconf 78' lang='lat' dir='ltr'><em>cuiquam</em></span> <span class='ocrx_word' id='word_1_22' title='bbox 987 805 1101 880; x_wconf 71' lang='lat' dir='ltr'><strong>ticet?</strong></span> <span class='ocrx_word' id='word_1_23' title='bbox 1242 791 1341 810; x_wconf 59' lang='lat'><strong>&#39;&#39;⁸&#39;‘</strong></span> 
     </span>
     <span class='ocr_line' id='line_1_5' title="bbox 127 901 1136 1002; baseline 0.004 -28"><span class='ocrx_word' id='word_1_24' title='bbox 127 901 227 976; x_wconf 88' lang='lat' dir='ltr'><strong>OED.</strong></span> <span class='ocrx_word' id='word_1_25' title='bbox 261 902 430 1000; x_wconf 80' lang='lat' dir='ltr'><strong>Imperia</strong></span> <span class='ocrx_word' id='word_1_26' title='bbox 445 901 565 990; x_wconf 76' lang='lat' dir='ltr'><strong>coluit,</strong></span> <span class='ocrx_word' id='word_1_27' title='bbox 576 901 640 1000; x_wconf 80' lang='lat' dir='ltr'><strong>qui</strong></span> <span class='ocrx_word' id='word_1_28' title='bbox 657 911 767 990; x_wconf 84' lang='lat' dir='ltr'><strong>tacet,</strong></span> <span class='ocrx_word' id='word_1_29' title='bbox 775 905 904 999; x_wconf 78' lang='lat' dir='ltr'><strong>jmerre</strong></span> <span class='ocrx_word' id='word_1_30' title='bbox 921 903 1030 1002; x_wconf 81' lang='lat' dir='ltr'><strong>loqui.</strong></span> <span class='ocrx_word' id='word_1_31' title='bbox 1132 907 1136 914; x_wconf 84' lang='grc'><em>’</em></span> 
     </span>
     <span class='ocr_line' id='line_1_6' title="bbox 127 1001 1064 1102; baseline 0.003 -29"><span class='ocrx_word' id='word_1_32' title='bbox 127 1001 208 1074; x_wconf 89' lang='lat' dir='ltr'><strong>CR.</strong></span> <span class='ocrx_word' id='word_1_33' title='bbox 262 1001 406 1076; x_wconf 78' lang='lat' dir='ltr'><strong>Coacta</strong></span> <span class='ocrx_word' id='word_1_34' title='bbox 421 1001 537 1076; x_wconf 77' lang='lat' dir='ltr'><strong>verba</strong></span> <span class='ocrx_word' id='word_1_35' title='bbox 546 1001 723 1099; x_wconf 64' lang='lat' dir='ltr'><strong>pauidus</strong></span> <span class='ocrx_word' id='word_1_36' title='bbox 738 1003 905 1100; x_wconf 72' lang='lat' dir='ltr'><strong>accipias</strong></span> <span class='ocrx_word' id='word_1_37' title='bbox 914 1027 1064 1102; x_wconf 80' lang='lat' dir='ltr'><em>precor.</em></span> 
     </span>
    </p>
   </div>
   <div class='ocr_carea' id='block_1_3' title="bbox 125 1147 1231 1350">
    <p class='ocr_par' dir='ltr' id='par_1_3' title="bbox 125 1147 1231 1350">
     <span class='ocr_line' id='line_1_7' title="bbox 129 1147 1226 1249; baseline 0 -27"><span class='ocrx_word' id='word_1_38' title='bbox 129 1147 323 1224; x_wconf 84' lang='lat' dir='ltr'><strong>Caeterum</strong></span> <span class='ocrx_word' id='word_1_39' title='bbox 339 1149 561 1228; x_wconf 84' lang='lat' dir='ltr'>Callimachi</span> <span class='ocrx_word' id='word_1_40' title='bbox 580 1151 718 1228; x_wconf 88' lang='lat' dir='ltr'><strong>editori</strong></span> <span class='ocrx_word' id='word_1_41' title='bbox 734 1149 919 1240; x_wconf 85' lang='lat' dir='ltr'><strong>fraudem,</strong></span> <span class='ocrx_word' id='word_1_42' title='bbox 943 1150 1092 1249; x_wconf 87' lang='lat' dir='ltr'>opinor,</span> <span class='ocrx_word' id='word_1_43' title='bbox 1121 1149 1226 1236; x_wconf 84' lang='lat' dir='ltr'><strong>fecit,</strong></span> 
     </span>
     <span class='ocr_line' id='line_1_8' title="bbox 125 1249 1231 1350; baseline -0.002 -27"><span class='ocrx_word' id='word_1_44' title='bbox 125 1249 230 1344; x_wconf 86' lang='lat' dir='ltr'><strong>quod</strong></span> <span class='ocrx_word' id='word_1_45' title='bbox 246 1250 286 1322; x_wconf 92' lang='lat' dir='ltr'><strong>iu</strong></span> <span class='ocrx_word' id='word_1_46' title='bbox 304 1285 344 1324; x_wconf 80' lang='lat' dir='ltr'><strong>ao</strong></span> <span class='ocrx_word' id='word_1_47' title='bbox 361 1251 628 1328; x_wconf 82' lang='lat' dir='ltr'><strong>terminatione</strong></span> <span class='ocrx_word' id='word_1_48' title='bbox 645 1250 797 1350; x_wconf 86' lang='lat' dir='ltr'><strong>poetica</strong></span> <span class='ocrx_word' id='word_1_49' title='bbox 821 1275 899 1326; x_wconf 93' lang='lat' dir='ltr'><strong>non</strong></span> <span class='ocrx_word' id='word_1_50' title='bbox 915 1249 1000 1348; x_wconf 87' lang='lat' dir='ltr'><strong>jam</strong></span> <span class='ocrx_word' id='word_1_51' title='bbox 1017 1251 1231 1336; x_wconf 87' lang='lat' dir='ltr'><strong>verborum,</strong></span> 
     </span>
    </p>
   </div>
   <div class='ocr_carea' id='block_1_4' title="bbox 126 1347 1228 1525">
    <p class='ocr_par' dir='ltr' id='par_1_4' title="bbox 126 1347 1228 1525">
     <span class='ocr_line' id='line_1_9' title="bbox 126 1347 1228 1523; baseline 0.001 -102"><span class='ocrx_word' id='word_1_52' title='bbox 126 1347 193 1518; x_wconf 49' lang='lat' dir='ltr'><strong>{led</strong></span> <span class='ocrx_word' id='word_1_53' title='bbox 210 1349 470 1523; x_wconf 59' lang='lat' dir='ltr'><strong>gppitivorum</strong></span> <span class='ocrx_word' id='word_1_54' title='bbox 486 1387 506 1426; x_wconf 79' lang='lat' dir='ltr'><strong>a</strong></span> <span class='ocrx_word' id='word_1_55' title='bbox 523 1363 712 1460; x_wconf 84' lang='lat' dir='ltr'><strong>perpetuo</strong></span> <span class='ocrx_word' id='word_1_56' title='bbox 736 1351 981 1449; x_wconf 76' lang='lat' dir='ltr'><strong>producatur.</strong></span> <span class='ocrx_word' id='word_1_57' title='bbox 1034 1348 1096 1424; x_wconf 89' lang='lat' dir='ltr'><strong>Sic</strong></span> <span class='ocrx_word' id='word_1_58' title='bbox 1115 1349 1228 1424; x_wconf 90' lang='lat' dir='ltr'><strong>Hom.</strong></span> 
     </span>
     <span class='ocr_line' id='line_1_10' title="bbox 162 1471 299 1525; baseline -0.015 -3"><span class='ocrx_word' id='word_1_59' title='bbox 162 1503 171 1522; x_wconf 88' lang='lat'><strong>.</strong></span> <span class='ocrx_word' id='word_1_60' title='bbox 192 1471 216 1521; x_wconf 89' lang='lat'><strong>1.</strong></span> <span class='ocrx_word' id='word_1_61' title='bbox 288 1504 299 1525; x_wconf 90' lang='lat'><strong>.</strong></span> 
     </span>
    </p>
   </div>
   <div class='ocr_carea' id='block_1_5' title="bbox 299 1583 1053 1682">
    <p class='ocr_par' dir='ltr' id='par_1_5' title="bbox 299 1583 1053 1682">
     <span class='ocr_line' id='line_1_11' title="bbox 299 1583 1053 1682; baseline 0 -24"><span class='ocrx_word' id='word_1_62' title='bbox 299 1591 411 1668; x_wconf 76' lang='grc' dir='ltr'><em>Μηνιν</em></span> <span class='ocrx_word' id='word_1_63' title='bbox 424 1591 634 1669; x_wconf 73' lang='grc' dir='ltr'>Απολλωνοο</span> <span class='ocrx_word' id='word_1_64' title='bbox 646 1585 884 1682; x_wconf 79' lang='grc' dir='ltr'><strong>ἑκατηβελετᾶο</strong></span> <span class='ocrx_word' id='word_1_65' title='bbox 902 1583 1053 1665; x_wconf 70' lang='grc' dir='ltr'><strong>ἄνακτος.</strong></span> 
     </span>
    </p>
   </div>
   <div class='ocr_carea' id='block_1_6' title="bbox 125 1730 1230 1932">
    <p class='ocr_par' dir='ltr' id='par_1_6' title="bbox 125 1730 1230 1932">
     <span class='ocr_line' id='line_1_12' title="bbox 127 1730 1230 1832; baseline 0.002 -28"><span class='ocrx_word' id='word_1_66' title='bbox 127 1730 217 1828; x_wconf 83' lang='lat' dir='ltr'><strong>Pag.</strong></span> <span class='ocrx_word' id='word_1_67' title='bbox 230 1732 310 1806; x_wconf 88' lang='lat' dir='ltr'><strong>ead.</strong></span> <span class='ocrx_word' id='word_1_68' title='bbox 360 1735 494 1810; x_wconf 89' lang='lat' dir='ltr'><strong>Vimm</strong></span> <span class='ocrx_word' id='word_1_69' title='bbox 510 1735 702 1811; x_wconf 89' lang='lat' dir='ltr'><strong>eruditum</strong></span> <span class='ocrx_word' id='word_1_70' title='bbox 718 1758 766 1811; x_wconf 88' lang='lat' dir='ltr'><strong>cx</strong></span> <span class='ocrx_word' id='word_1_71' title='bbox 780 1733 1035 1832; x_wconf 81' lang='lat' dir='ltr'><strong>Aristophane</strong></span> <span class='ocrx_word' id='word_1_72' title='bbox 1048 1733 1230 1809; x_wconf 76' lang='lat' dir='ltr'><strong>citantem</strong></span> 
     </span>
     <span class='ocr_line' id='line_1_13' title="bbox 125 1831 619 1932; baseline 0.01 -26"><span class='ocrx_word' id='word_1_73' title='bbox 125 1831 253 1907; x_wconf 87' lang='lat' dir='ltr'><strong>videre</strong></span> <span class='ocrx_word' id='word_1_74' title='bbox 269 1841 328 1906; x_wconf 87' lang='lat' dir='ltr'><strong>est</strong></span> <span class='ocrx_word' id='word_1_75' title='bbox 356 1833 473 1928; x_wconf 85' lang='lat' dir='ltr'><strong>[Rau.</strong></span> <span class='ocrx_word' id='word_1_76' title='bbox 490 1837 619 1932; x_wconf 81' lang='lat'>941.],</span> 
     </span>
    </p>
   </div>
   <div class='ocr_carea' id='block_1_7' title="bbox 210 1971 1147 2072">
    <p class='ocr_par' dir='ltr' id='par_1_7' title="bbox 210 1971 1147 2072">
     <span class='ocr_line' id='line_1_14' title="bbox 210 1971 1147 2072; baseline 0 -30"><span class='ocrx_word' id='word_1_77' title='bbox 210 1971 365 2052; x_wconf 76' lang='grc' dir='ltr'>Εξηπατα</span> <span class='ocrx_word' id='word_1_78' title='bbox 380 2005 509 2072; x_wconf 72' lang='lat' dir='ltr'><strong>popone</strong></span> <span class='ocrx_word' id='word_1_79' title='bbox 524 1972 642 2067; x_wconf 80' lang='grc' dir='ltr'>λαβων</span> <span class='ocrx_word' id='word_1_80' title='bbox 660 2003 748 2072; x_wconf 79' lang='lat' dir='ltr'><strong>rapo</strong></span> <span class='ocrx_word' id='word_1_81' title='bbox 766 1977 926 2070; x_wconf 68' lang='grc' dir='ltr'><strong>Φρυνιχῳ</strong></span> <span class='ocrx_word' id='word_1_82' title='bbox 943 1987 1147 2070; x_wconf 69' lang='grc' dir='ltr'><strong>τραφενταςτ</strong></span> 
     </span>
    </p>
   </div>
   <div class='ocr_carea' id='block_1_8' title="bbox 124 2101 1315 2405">
    <p class='ocr_par' dir='ltr' id='par_1_8' title="bbox 124 2101 1315 2405">
     <span class='ocr_line' id='line_1_15' title="bbox 125 2101 1230 2206; baseline 0.003 -30"><span class='ocrx_word' id='word_1_83' title='bbox 125 2101 177 2176; x_wconf 88' lang='lat' dir='ltr'><strong>At</strong></span> <span class='ocrx_word' id='word_1_84' title='bbox 193 2127 271 2201; x_wconf 90' lang='lat' dir='ltr'><strong>quo</strong></span> <span class='ocrx_word' id='word_1_85' title='bbox 288 2106 475 2182; x_wconf 70' lang='lat' dir='ltr'><strong>consilio?</strong></span> <span class='ocrx_word' id='word_1_86' title='bbox 499 2131 638 2206; x_wconf 84' lang='lat' dir='ltr'><strong>nempe</strong></span> <span class='ocrx_word' id='word_1_87' title='bbox 653 2116 698 2181; x_wconf 93' lang='lat' dir='ltr'><strong>ut</strong></span> <span class='ocrx_word' id='word_1_88' title='bbox 715 2107 893 2181; x_wconf 86' lang='lat' dir='ltr'><strong>ostendat</strong></span> <span class='ocrx_word' id='word_1_89' title='bbox 908 2127 1043 2180; x_wconf 86' lang='lat' dir='ltr'><strong>vocem</strong></span> <span class='ocrx_word' id='word_1_90' title='bbox 1059 2112 1230 2202; x_wconf 71' lang='grc' dir='ltr'><strong>Φρυνιχος</strong></span> 
     </span>
     <span class='ocr_line' id='line_1_16' title="bbox 124 2200 1229 2304; baseline 0.001 -28"><span class='ocrx_word' id='word_1_91' title='bbox 124 2200 285 2300; x_wconf 86' lang='lat' dir='ltr'><strong>primam</strong></span> <span class='ocrx_word' id='word_1_92' title='bbox 311 2208 532 2304; x_wconf 80' lang='lat' dir='ltr'><strong>producere</strong></span> <span class='ocrx_word' id='word_1_93' title='bbox 581 2211 635 2282; x_wconf 84' lang='lat' dir='ltr'><strong>At</strong></span> <span class='ocrx_word' id='word_1_94' title='bbox 666 2206 859 2281; x_wconf 88' lang='lat' dir='ltr'><strong>enimvero</strong></span> <span class='ocrx_word' id='word_1_95' title='bbox 886 2226 1019 2280; x_wconf 87' lang='lat' dir='ltr'><strong>versus</strong></span> <span class='ocrx_word' id='word_1_96' title='bbox 1051 2203 1229 2278; x_wconf 86' lang='lat' dir='ltr'><strong>laudatus</strong></span> 
     </span>
     <span class='ocr_line' id='line_1_17' title="bbox 126 2300 1315 2405; baseline -0.004 -30"><span class='ocrx_word' id='word_1_97' title='bbox 126 2305 148 2349; x_wconf 73' lang='lat'><em>*</em></span> <span class='ocrx_word' id='word_1_98' title='bbox 161 2300 208 2376; x_wconf 87' lang='lat' dir='ltr'><strong>de</strong></span> <span class='ocrx_word' id='word_1_99' title='bbox 223 2303 375 2402; x_wconf 77' lang='lat' dir='ltr'><strong>syliabae</strong></span> <span class='ocrx_word' id='word_1_100' title='bbox 391 2305 503 2381; x_wconf 87' lang='lat' dir='ltr'><strong>istius</strong></span> <span class='ocrx_word' id='word_1_101' title='bbox 516 2305 731 2405; x_wconf 86' lang='lat' dir='ltr'><strong>quantitate</strong></span> <span class='ocrx_word' id='word_1_102' title='bbox 744 2303 899 2380; x_wconf 91' lang='lat' dir='ltr'><strong>omnino</strong></span> <span class='ocrx_word' id='word_1_103' title='bbox 916 2311 1031 2378; x_wconf 88' lang='lat' dir='ltr'><strong>tacet.</strong></span> <span class='ocrx_word' id='word_1_104' title='bbox 1085 2303 1228 2399; x_wconf 83' lang='lat' dir='ltr'><strong>Ecquis</strong></span> <span class='ocrx_word' id='word_1_105' title='bbox 1264 2302 1315 2371; x_wconf 85' lang='grc'><strong>93</strong></span> 
     </span>
    </p>
   </div>
   <div class='ocr_carea' id='block_1_9' title="bbox 124 2401 1231 2716">
    <p class='ocr_par' dir='ltr' id='par_1_9' title="bbox 124 2401 1231 2716">
     <span class='ocr_line' id='line_1_18' title="bbox 125 2401 1228 2503; baseline 0.002 -29"><span class='ocrx_word' id='word_1_106' title='bbox 125 2402 227 2476; x_wconf 88' lang='lat' dir='ltr'><strong>enim</strong></span> <span class='ocrx_word' id='word_1_107' title='bbox 243 2401 387 2479; x_wconf 88' lang='lat' dir='ltr'><strong>inficias</strong></span> <span class='ocrx_word' id='word_1_108' title='bbox 415 2405 488 2480; x_wconf 91' lang='lat' dir='ltr'><strong>ibit</strong></span> <span class='ocrx_word' id='word_1_109' title='bbox 515 2407 555 2482; x_wconf 92' lang='lat' dir='ltr'><strong>in</strong></span> <span class='ocrx_word' id='word_1_110' title='bbox 580 2405 715 2503; x_wconf 91' lang='lat' dir='ltr'><strong>quinta</strong></span> <span class='ocrx_word' id='word_1_111' title='bbox 733 2427 864 2480; x_wconf 84' lang='lat' dir='ltr'><strong>versus</strong></span> <span class='ocrx_word' id='word_1_112' title='bbox 881 2403 1034 2478; x_wconf 88' lang='lat' dir='ltr'><strong>iambici</strong></span> <span class='ocrx_word' id='word_1_113' title='bbox 1051 2403 1143 2477; x_wconf 87' lang='lat' dir='ltr'><strong>sede</strong></span> <span class='ocrx_word' id='word_1_114' title='bbox 1159 2401 1228 2476; x_wconf 90' lang='lat' dir='ltr'><strong>tri·</strong></span> 
     </span>
     <span class='ocr_line' id='line_1_19' title="bbox 124 2499 1228 2600; baseline 0.003 -27"><span class='ocrx_word' id='word_1_115' title='bbox 124 2499 296 2598; x_wconf 85' lang='lat' dir='ltr'><strong>brachyn</strong></span> <span class='ocrx_word' id='word_1_116' title='bbox 312 2507 509 2582; x_wconf 86' lang='lat' dir='ltr'><strong>commode</strong></span> <span class='ocrx_word' id='word_1_117' title='bbox 524 2507 653 2581; x_wconf 82' lang='lat' dir='ltr'><strong>venire</strong></span> <span class='ocrx_word' id='word_1_118' title='bbox 667 2508 681 2578; x_wconf 76' lang='lat' dir='ltr'><strong>t</strong></span> <span class='ocrx_word' id='word_1_119' title='bbox 722 2505 834 2579; x_wconf 87' lang='lat' dir='ltr'><strong>-Vera</strong></span> <span class='ocrx_word' id='word_1_120' title='bbox 848 2503 1003 2600; x_wconf 88' lang='lat' dir='ltr'><strong>quidem</strong></span> <span class='ocrx_word' id='word_1_121' title='bbox 1027 2511 1097 2588; x_wconf 85' lang='lat' dir='ltr'><strong>est,</strong></span> <span class='ocrx_word' id='word_1_122' title='bbox 1114 2523 1228 2596; x_wconf 88' lang='lat' dir='ltr'><strong>quam</strong></span> 
     </span>
     <span class='ocr_line' id='line_1_20' title="bbox 125 2599 1231 2716; baseline -0.002 -41"><span class='ocrx_word' id='word_1_123' title='bbox 125 2609 305 2716; x_wconf 60' lang='lat' dir='ltr'><strong>praetere</strong></span> <span class='ocrx_word' id='word_1_124' title='bbox 331 2601 472 2678; x_wconf 81' lang='lat' dir='ltr'><strong>frustra</strong></span> <span class='ocrx_word' id='word_1_125' title='bbox 503 2611 781 2704; x_wconf 84' lang='lat' dir='ltr'><strong>aggressusest</strong></span> <span class='ocrx_word' id='word_1_126' title='bbox 796 2603 857 2678; x_wconf 80' lang='lat' dir='ltr'><strong>vir</strong></span> <span class='ocrx_word' id='word_1_127' title='bbox 876 2601 1061 2688; x_wconf 86' lang='lat' dir='ltr'><strong>eruditus,</strong></span> <span class='ocrx_word' id='word_1_128' title='bbox 1077 2599 1231 2698; x_wconf 70' lang='lat' dir='ltr'><strong>syllaba</strong></span> 
     </span>
    </p>
   </div>
   <div class='ocr_carea' id='block_1_10' title="bbox 126 2699 1229 2875">
    <p class='ocr_par' dir='ltr' id='par_1_10' title="bbox 126 2699 1229 2875">
     <span class='ocr_line' id='line_1_21' title="bbox 126 2699 1229 2875; baseline -0.003 -102"><span class='ocrx_word' id='word_1_129' title='bbox 126 2707 452 2875; x_wconf 54' lang='grc' dir='ltr'><strong>ιξξῃιιειιέειιειιη,</strong></span> <span class='ocrx_word' id='word_1_130' title='bbox 469 2703 530 2778; x_wconf 88' lang='lat' dir='ltr'><strong>uti</strong></span> <span class='ocrx_word' id='word_1_131' title='bbox 546 2727 596 2779; x_wconf 89' lang='lat' dir='ltr'><strong>ex</strong></span> <span class='ocrx_word' id='word_1_132' title='bbox 612 2703 687 2779; x_wconf 89' lang='lat' dir='ltr'><strong>isto</strong></span> <span class='ocrx_word' id='word_1_133' title='bbox 702 2703 803 2779; x_wconf 84' lang='lat' dir='ltr'><strong>inter</strong></span> <span class='ocrx_word' id='word_1_134' title='bbox 820 2701 894 2776; x_wconf 86' lang='lat' dir='ltr'><strong>alia</strong></span> <span class='ocrx_word' id='word_1_135' title='bbox 910 2699 1085 2800; x_wconf 86' lang='lat' dir='ltr'><strong>exempla</strong></span> <span class='ocrx_word' id='word_1_136' title='bbox 1095 2699 1229 2796; x_wconf 90' lang='lat' dir='ltr'><strong>liquet,</strong></span> 
     </span>
    </p>
   </div>
   <div class='ocr_carea' id='block_1_11' title="bbox 340 2939 1017 3038">
    <p class='ocr_par' dir='ltr' id='par_1_11' title="bbox 340 2939 1017 3038">
     <span class='ocr_line' id='line_1_22' title="bbox 340 2939 1017 3038; baseline 0 -28"><span class='ocrx_word' id='word_1_137' title='bbox 340 2941 441 3038; x_wconf 79' lang='grc' dir='ltr'><strong>Ειπερ</strong></span> <span class='ocrx_word' id='word_1_138' title='bbox 458 2969 581 3024; x_wconf 75' lang='lat' dir='ltr'><strong>rotario</strong></span> <span class='ocrx_word' id='word_1_139' title='bbox 598 2940 696 3031; x_wconf 77' lang='grc' dir='ltr'><strong><em>μηδεν</em></strong></span> <span class='ocrx_word' id='word_1_140' title='bbox 711 2939 816 3037; x_wconf 74' lang='grc' dir='ltr'><strong><em>ὦνπερ</em></strong></span> <span class='ocrx_word' id='word_1_141' title='bbox 835 2941 1017 3037; x_wconf 71' lang='grc' dir='ltr'><strong>Φρῦνιχος.</strong></span> 
     </span>
    </p>
   </div>
   <div class='ocr_carea' id='block_1_12' title="bbox 125 3071 1231 3374">
    <p class='ocr_par' dir='ltr' id='par_1_12' title="bbox 125 3071 1231 3374">
     <span class='ocr_line' id='line_1_23' title="bbox 125 3071 1231 3173; baseline -0.002 -25"><span class='ocrx_word' id='word_1_142' title='bbox 125 3074 203 3148; x_wconf 84' lang='lat' dir='ltr'><strong>Sed</strong></span> <span class='ocrx_word' id='word_1_143' title='bbox 225 3097 297 3149; x_wconf 88' lang='lat' dir='ltr'><strong>nec</strong></span> <span class='ocrx_word' id='word_1_144' title='bbox 324 3083 450 3150; x_wconf 88' lang='lat' dir='ltr'><strong>tamen</strong></span> <span class='ocrx_word' id='word_1_145' title='bbox 478 3099 588 3173; x_wconf 81' lang='lat' dir='ltr'><strong>aeque</strong></span> <span class='ocrx_word' id='word_1_146' title='bbox 617 3075 821 3150; x_wconf 86' lang='lat' dir='ltr'><strong>infeliciter</strong></span> <span class='ocrx_word' id='word_1_147' title='bbox 849 3073 963 3150; x_wconf 87' lang='lat' dir='ltr'><strong>cessit</strong></span> <span class='ocrx_word' id='word_1_148' title='bbox 979 3074 1063 3150; x_wconf 88' lang='lat' dir='ltr'><strong>viro</strong></span> <span class='ocrx_word' id='word_1_149' title='bbox 1080 3071 1231 3148; x_wconf 87' lang='lat' dir='ltr'><strong>erudito</strong></span> 
     </span>
     <span class='ocr_line' id='line_1_24' title="bbox 127 3171 1231 3274; baseline -0.002 -27"><span class='ocrx_word' id='word_1_150' title='bbox 127 3173 301 3248; x_wconf 86' lang='lat' dir='ltr'><strong>laudatus</strong></span> <span class='ocrx_word' id='word_1_151' title='bbox 322 3197 370 3248; x_wconf 88' lang='lat' dir='ltr'><strong>ex</strong></span> <span class='ocrx_word' id='word_1_152' title='bbox 386 3174 640 3274; x_wconf 86' lang='lat' dir='ltr'><strong>Aristophane</strong></span> <span class='ocrx_word' id='word_1_153' title='bbox 661 3175 768 3249; x_wconf 81' lang='lat' dir='ltr'><strong>locus</strong></span> <span class='ocrx_word' id='word_1_154' title='bbox 786 3197 831 3250; x_wconf 86' lang='lat' dir='ltr'><strong>ac</strong></span> <span class='ocrx_word' id='word_1_155' title='bbox 848 3174 998 3249; x_wconf 90' lang='lat' dir='ltr'><strong>cuidam</strong></span> <span class='ocrx_word' id='word_1_156' title='bbox 1016 3171 1110 3248; x_wconf 55' lang='lat' dir='ltr'><strong>clf·</strong></span> <span class='ocrx_word' id='word_1_157' title='bbox 1135 3173 1231 3246; x_wconf 87' lang='lat' dir='ltr'><strong>alter</strong></span> 
     </span>
     <span class='ocr_line' id='line_1_25' title="bbox 128 3271 889 3374; baseline 0 -26"><span class='ocrx_word' id='word_1_158' title='bbox 128 3271 201 3350; x_wconf 89' lang='lat' dir='ltr'><strong>iste</strong></span> <span class='ocrx_word' id='word_1_159' title='bbox 218 3274 322 3374; x_wconf 88' lang='lat' dir='ltr'><strong>apud</strong></span> <span class='ocrx_word' id='word_1_160' title='bbox 339 3274 502 3352; x_wconf 87' lang='lat' dir='ltr'><strong>eundem</strong></span> <span class='ocrx_word' id='word_1_161' title='bbox 519 3275 689 3361; x_wconf 88' lang='lat' dir='ltr'><strong>Poetam,</strong></span> <span class='ocrx_word' id='word_1_162' title='bbox 705 3275 809 3349; x_wconf 92' lang='lat' dir='ltr'><strong>Nub.</strong></span> <span class='ocrx_word' id='word_1_163' title='bbox 828 3280 889 3348; x_wconf 87' lang='lat'><strong>58.</strong></span> 
     </span>
    </p>
   </div>
   <div class='ocr_carea' id='block_1_13' title="bbox 278 3410 1080 3510">
    <p class='ocr_par' dir='ltr' id='par_1_13' title="bbox 278 3410 1080 3510">
     <span class='ocr_line' id='line_1_26' title="bbox 278 3410 1080 3510; baseline -0.005 -28"><span class='ocrx_word' id='word_1_164' title='bbox 278 3415 363 3510; x_wconf 80' lang='grc' dir='ltr'>Δευρ</span> <span class='ocrx_word' id='word_1_165' title='bbox 380 3413 439 3484; x_wconf 83' lang='grc' dir='ltr'><strong>ελθ</strong></span> <span class='ocrx_word' id='word_1_166' title='bbox 453 3410 507 3484; x_wconf 80' lang='lat' dir='ltr'><strong>ivo</strong></span> <span class='ocrx_word' id='word_1_167' title='bbox 521 3414 639 3506; x_wconf 70' lang='grc' dir='ltr'><strong>κλαῃς.</strong></span> <span class='ocrx_word' id='word_1_168' title='bbox 692 3417 757 3484; x_wconf 72' lang='grc' dir='ltr'><strong>Δια</strong></span> <span class='ocrx_word' id='word_1_169' title='bbox 773 3443 804 3482; x_wconf 85' lang='lat' dir='ltr'><strong>rr</strong></span> <span class='ocrx_word' id='word_1_170' title='bbox 822 3411 860 3492; x_wconf 67' lang='lat' dir='ltr'><strong>tn</strong></span> <span class='ocrx_word' id='word_1_171' title='bbox 875 3411 1080 3498; x_wconf 57' lang='lat' dir='ltr'><strong>xiouoopom</strong></span> 
     </span>
    </p>
   </div>
   <div class='ocr_carea' id='block_1_14' title="bbox 128 3525 1230 3820">
    <p class='ocr_par' dir='ltr' id='par_1_14' title="bbox 128 3525 1230 3820">
     <span class='ocr_line' id='line_1_27' title="bbox 130 3525 1227 3644; baseline -0.006 -26"><span class='ocrx_word' id='word_1_172' title='bbox 130 3543 188 3618; x_wconf 90' lang='lat' dir='ltr'><strong>Ibi</strong></span> <span class='ocrx_word' id='word_1_173' title='bbox 218 3543 353 3639; x_wconf 88' lang='lat' dir='ltr'><strong>utique</strong></span> <span class='ocrx_word' id='word_1_174' title='bbox 386 3546 446 3620; x_wconf 82' lang='lat' dir='ltr'><strong>vir</strong></span> <span class='ocrx_word' id='word_1_175' title='bbox 472 3547 529 3620; x_wconf 82' lang='lat' dir='ltr'><strong>Gt.</strong></span> <span class='ocrx_word' id='word_1_176' title='bbox 559 3546 764 3644; x_wconf 85' lang='lat' dir='ltr'><strong>legendum</strong></span> <span class='ocrx_word' id='word_1_177' title='bbox 797 3541 963 3641; x_wconf 86' lang='lat' dir='ltr'><strong>conjecit</strong></span> <span class='ocrx_word' id='word_1_178' title='bbox 996 3525 1227 3634; x_wconf 55' lang='lat' dir='ltr'><strong>&#39;nerinorum</strong></span> 
     </span>
     <span class='ocr_line' id='line_1_28' title="bbox 128 3639 1230 3820; baseline -0.004 -100"><span class='ocrx_word' id='word_1_179' title='bbox 128 3645 572 3820; x_wconf 48' lang='lat' dir='ltr'><strong>ptpppspnpipgatiouem,</strong></span> <span class='ocrx_word' id='word_1_180' title='bbox 588 3668 701 3742; x_wconf 90' lang='lat' dir='ltr'><strong>quam</strong></span> <span class='ocrx_word' id='word_1_181' title='bbox 718 3643 854 3732; x_wconf 86' lang='lat' dir='ltr'><strong>voluit,</strong></span> <span class='ocrx_word' id='word_1_182' title='bbox 878 3639 1019 3718; x_wconf 87' lang='lat' dir='ltr'><strong>firmari</strong></span> <span class='ocrx_word' id='word_1_183' title='bbox 1037 3639 1230 3736; x_wconf 81' lang='lat' dir='ltr'><strong>judicavit</strong></span> 
     </span>
    </p>
   </div>
   <div class='ocr_carea' id='block_1_15' title="bbox 160 3847 1192 3978">
    <p class='ocr_par' dir='ltr' id='par_1_15' title="bbox 160 3847 1192 3978">
     <span class='ocr_line' id='line_1_29' title="bbox 160 3847 1192 3978; baseline -0.006 -24"><span class='ocrx_word' id='word_1_184' title='bbox 160 3885 280 3964; x_wconf 79' lang='grc' dir='ltr'><strong><em>Ματην</em></strong></span> <span class='ocrx_word' id='word_1_185' title='bbox 298 3913 365 3976; x_wconf 74' lang='lat' dir='ltr'><strong>epos</strong></span> <span class='ocrx_word' id='word_1_186' title='bbox 383 3881 721 3954; x_wconf 82' lang='grc' dir='ltr'>ΚΕΚΛΑΥΣΕΤΑΙ·</span> <span class='ocrx_word' id='word_1_187' title='bbox 746 3911 786 3950; x_wconf 85' lang='grc' dir='ltr'><strong>συ</strong></span> <span class='ocrx_word' id='word_1_188' title='bbox 805 3879 824 3952; x_wconf 80' lang='grc' dir='ltr'>δ</span> <span class='ocrx_word' id='word_1_189' title='bbox 840 3908 994 3978; x_wconf 78' lang='grc' dir='ltr'><strong>εγχανων</strong></span> <span class='ocrx_word' id='word_1_190' title='bbox 1007 3847 1192 3960; x_wconf 20' lang='grc' dir='ltr'><strong>ωτ’·εθινηξει.</strong></span> 
     </span>
    </p>
   </div>
   <div class='ocr_carea' id='block_1_16' title="bbox 126 4109 1229 4352">
    <p class='ocr_par' dir='ltr' id='par_1_16' title="bbox 126 4109 1229 4352">
     <span class='ocr_line' id='line_1_30' title="bbox 128 4109 1229 4192; baseline -0.005 -22"><span class='ocrx_word' id='word_1_191' title='bbox 128 4111 542 4192; x_wconf 70' lang='lat' dir='ltr'><strong>“Polymestorieubitoiraet</strong></span> <span class='ocrx_word' id='word_1_192' title='bbox 562 4111 657 4172; x_wconf 82' lang='lat' dir='ltr'><strong>dolore</strong></span> <span class='ocrx_word' id='word_1_193' title='bbox 748 4114 797 4170; x_wconf 76' lang='lat'><strong>⁶5.</strong></span> <span class='ocrx_word' id='word_1_194' title='bbox 812 4109 1229 4190; x_wconf 65' lang='grc' dir='ltr'><strong>ἐγχανῶνις1.καταγελ6σαε.</strong></span> 
     </span>
     <span class='ocr_line' id='line_1_31' title="bbox 126 4185 1229 4259; baseline -0.004 -9"><span class='ocrx_word' id='word_1_195' title='bbox 126 4191 433 4254; x_wconf 67' lang='lat' dir='ltr'><strong>eumdeecmtiverbe</strong></span> <span class='ocrx_word' id='word_1_196' title='bbox 442 4207 542 4254; x_wconf 79' lang='lat' dir='ltr'><strong>coacta</strong></span> <span class='ocrx_word' id='word_1_197' title='bbox 556 4191 656 4252; x_wconf 64' lang='lat' dir='ltr'><strong>condo</strong></span> <span class='ocrx_word' id='word_1_198' title='bbox 707 4187 782 4250; x_wconf 80' lang='lat' dir='ltr'><strong>cod.</strong></span> <span class='ocrx_word' id='word_1_199' title='bbox 796 4187 874 4248; x_wconf 78' lang='lat' dir='ltr'><strong>via.</strong></span> <span class='ocrx_word' id='word_1_200' title='bbox 888 4191 1006 4259; x_wconf 68' lang='grc' dir='ltr'><strong>τεθνήξῃ</strong></span> <span class='ocrx_word' id='word_1_201' title='bbox 1019 4187 1054 4258; x_wconf 84' lang='lat' dir='ltr'><strong>F,</strong></span> <span class='ocrx_word' id='word_1_202' title='bbox 1067 4185 1093 4257; x_wconf 83' lang='lat'><strong>1,</strong></span> <span class='ocrx_word' id='word_1_203' title='bbox 1104 4187 1142 4255; x_wconf 87' lang='grc' dir='ltr'><strong>Τ,</strong></span> <span class='ocrx_word' id='word_1_204' title='bbox 1154 4185 1185 4246; x_wconf 83' lang='grc' dir='ltr'><strong><em>Η</em></strong></span> <span class='ocrx_word' id='word_1_205' title='bbox 1199 4188 1229 4246; x_wconf 87' lang='lat' dir='ltr'><strong>in</strong></span> 
     </span>
     <span class='ocr_line' id='line_1_32' title="bbox 129 4263 1226 4352; baseline -0.009 -22"><span class='ocrx_word' id='word_1_206' title='bbox 129 4271 253 4330; x_wconf 54' lang='lat' dir='ltr'><strong>m?</strong></span> <span class='ocrx_word' id='word_1_207' title='bbox 267 4271 307 4329; x_wconf 84' lang='lat' dir='ltr'><strong>R.</strong></span> <span class='ocrx_word' id='word_1_208' title='bbox 319 4269 357 4328; x_wconf 77' lang='lat' dir='ltr'><strong>P.</strong></span> <span class='ocrx_word' id='word_1_209' title='bbox 370 4273 459 4333; x_wconf 79' lang='lat' dir='ltr'><strong>Prael.</strong></span> <span class='ocrx_word' id='word_1_210' title='bbox 470 4293 501 4352; x_wconf 83' lang='lat' dir='ltr'><strong>p.</strong></span> <span class='ocrx_word' id='word_1_211' title='bbox 517 4277 566 4332; x_wconf 82' lang='grc'><strong>28.</strong></span> <span class='ocrx_word' id='word_1_212' title='bbox 706 4281 790 4327; x_wconf 85' lang='lat' dir='ltr'><strong>textu</strong></span> <span class='ocrx_word' id='word_1_213' title='bbox 815 4281 845 4328; x_wconf 89' lang='lat' dir='ltr'><strong>et</strong></span> <span class='ocrx_word' id='word_1_214' title='bbox 872 4268 969 4336; x_wconf 65' lang='lat' dir='ltr'><strong>schol„</strong></span> <span class='ocrx_word' id='word_1_215' title='bbox 995 4279 1024 4328; x_wconf 86' lang='lat' dir='ltr'><strong>et</strong></span> <span class='ocrx_word' id='word_1_216' title='bbox 1048 4265 1073 4325; x_wconf 88' lang='lat' dir='ltr'>C</span> <span class='ocrx_word' id='word_1_217' title='bbox 1098 4285 1163 4324; x_wconf 85' lang='lat' dir='ltr'><strong>cnm</strong></span> <span class='ocrx_word' id='word_1_218' title='bbox 1186 4263 1226 4341; x_wconf 74' lang='lat' dir='ltr'><strong>gt.</strong></span> 
     </span>
    </p>
   </div>
   <div class='ocr_carea' id='block_1_17' title="bbox 129 4344 1228 4508">
    <p class='ocr_par' dir='ltr' id='par_1_17' title="bbox 129 4344 1228 4508">
     <span class='ocr_line' id='line_1_33' title="bbox 170 4344 1228 4421; baseline -0.003 -13"><span class='ocrx_word' id='word_1_219' title='bbox 170 4356 218 4408; x_wconf 77' lang='lat'><strong>54.</strong></span> <span class='ocrx_word' id='word_1_220' title='bbox 233 4349 319 4408; x_wconf 69' lang='lat' dir='ltr'><strong>aa</strong></span> <span class='ocrx_word' id='word_1_221' title='bbox 335 4353 412 4410; x_wconf 76' lang='lat' dir='ltr'><strong>coni.</strong></span> <span class='ocrx_word' id='word_1_222' title='bbox 425 4351 466 4410; x_wconf 87' lang='lat' dir='ltr'><strong>D.</strong></span> <span class='ocrx_word' id='word_1_223' title='bbox 475 4353 513 4410; x_wconf 75' lang='lat' dir='ltr'><strong>a.</strong></span> <span class='ocrx_word' id='word_1_224' title='bbox 526 4352 564 4411; x_wconf 86' lang='lat' dir='ltr'><strong>ad</strong></span> <span class='ocrx_word' id='word_1_225' title='bbox 577 4349 654 4410; x_wconf 85' lang='lat' dir='ltr'><strong>Tim.</strong></span> <span class='ocrx_word' id='word_1_226' title='bbox 707 4348 848 4416; x_wconf 69' lang='grc' dir='ltr'><strong>ἀποθάνῃ.</strong></span> <span class='ocrx_word' id='word_1_227' title='bbox 870 4349 991 4416; x_wconf 63' lang='grc' dir='ltr'><strong>τεθνήξει</strong></span> <span class='ocrx_word' id='word_1_228' title='bbox 1015 4345 1053 4416; x_wconf 88' lang='lat' dir='ltr'><strong>D,</strong></span> <span class='ocrx_word' id='word_1_229' title='bbox 1074 4344 1127 4414; x_wconf 79' lang='lat' dir='ltr'><strong>E.;</strong></span> <span class='ocrx_word' id='word_1_230' title='bbox 1149 4345 1228 4421; x_wconf 83' lang='lat' dir='ltr'><strong>quod</strong></span> 
     </span>
     <span class='ocr_line' id='line_1_34' title="bbox 129 4423 1145 4508; baseline -0.008 -18"><span class='ocrx_word' id='word_1_231' title='bbox 129 4449 158 4508; x_wconf 81' lang='lat' dir='ltr'><strong>p.</strong></span> <span class='ocrx_word' id='word_1_232' title='bbox 172 4436 242 4490; x_wconf 75' lang='lat'><strong>222.</strong></span> <span class='ocrx_word' id='word_1_233' title='bbox 707 4427 787 4486; x_wconf 87' lang='lat' dir='ltr'><strong>nullo</strong></span> <span class='ocrx_word' id='word_1_234' title='bbox 801 4426 917 4504; x_wconf 72' lang='lat' dir='ltr'><strong>negotio</strong></span> <span class='ocrx_word' id='word_1_235' title='bbox 931 4425 1041 4486; x_wconf 75' lang='lat' dir='ltr'><strong>sanavit</strong></span> <span class='ocrx_word' id='word_1_236' title='bbox 1054 4423 1093 4482; x_wconf 82' lang='lat' dir='ltr'><strong>R.</strong></span> <span class='ocrx_word' id='word_1_237' title='bbox 1106 4423 1145 4483; x_wconf 90' lang='lat' dir='ltr'><strong>D.</strong></span> 
     </span>
    </p>
   </div>
   <div class='ocr_carea' id='block_1_18' title="bbox 0 0 1552 4946">
    <p class='ocr_par' dir='ltr' id='par_1_18' title="bbox 0 0 1552 4946">
     <span class='ocr_line' id='line_1_35' title="bbox 0 0 1552 4946; baseline 0 0"><span class='ocrx_word' id='word_1_238' title='bbox 0 0 1552 4946; x_wconf 95' lang='lat' dir='ltr'><strong> </strong></span> 
     </span>
    </p>
   </div>
  </div>
 </body>
</html>
