3032 4958
266 388 342 462 xii*
706 405 920 458 nnnnlnro.

266 587 340 663 tias
348 592 396 674 ,et
414 608 526 684 agere
541 593 582 660 et
597 583 737 660 habere
754 583 876 662 debeo
888 593 1048 685 propter
1060 584 1192 663 literas
1209 605 1299 660 suos
1313 582 1362 660 de
1502 645 1503 692 q

266 709 437 800 metricis
463 709 609 784 viribus
639 709 843 809 inceptivae
871 717 938 800 Po,
975 733 1069 808 qnos
1098 710 1195 786 meis
1227 709 1364 786 usibus

269 836 370 910 ultro
388 833 538 909 obtulit.
566 834 663 909 Vide
688 835 786 911 inira
808 858 872 934 pp.
892 840 1080 910 sss-94.
1134 835 1193 910 Dc
1216 834 1365 932 discep-

267 960 487 1048 tationibus,
526 982 612 1058 quoe
641 983 689 1034 ex
717 959 787 1034 hac
818 960 986 1035 sectione
1014 958 1246 1048 exoriantur,
1272 958 1365 1032 alias
1502 1011 1503 1048 ι

268 1084 428 1158 sortasse
446 1083 592 1168 dicam;
621 1082 765 1194 interea
782 1094 909 1159 totum
925 1107 987 1158 me
1008 1084 1053 1184 ,in
1077 1084 1254 1182 gravium
1273 1107 1364 1181 pro·
1502 1067 1503 1110 ³

267 1211 521 1305 batorumque
552 1206 783 1282 Criticorum
812 1209 1027 1285 clientelam
1057 1234 1101 1286 ac
1120 1209 1364 1308 disciplinam
1502 1187 1503 1270 i

268 1335 417 1422 addice,
453 1335 519 1432 qui
547 1335 671 1410 secuti
701 1343 791 1409 sunt
825 1335 1038 1433 probabilia
1064 1344 1104 1410 et
1133 1335 1365 1412 auctoritate
1502 1401 1503 1424 ,

268 1461 429 1546 munita,
449 1483 521 1534 nec
540 1460 640 1533 ultra
657 1461 839 1558 progredi
857 1449 1078 1558 potuerunt
1123 1459 1169 1534 In
1187 1459 1365 1536 omnibus

268 1585 489 1684 hujusmodi
507 1587 621 1660 rebus
638 1586 844 1672 Ammonio,
866 1595 1048 1680 tanquam
1064 1584 1167 1672 duci,
1187 1592 1277 1660 tuto
1294 1585 1364 1659 ob·

268 1734 494 1808 sequamnr3
522 1709 570 1783 dc
589 1709 816 1810 Cotegor.f
834 1716 870 1782 9.
901 1709 1026 1782 Vcnet.
1050 1715 1158 1782 1546.
1177 1712 1226 1782 8⁰.
1269 1706 1366 1782 Ὀδὲ
1502 1691 1503 1700 ¹

269 1839 394 1908 τοῦτων
419 1837 632 1933 ἐξηγοῖιμενος
649 1834 767 1930 ὀφείλει
789 1836 865 1930 μῆτε
887 1833 958 1906 κατ’
975 1831 1100 1908 εὔνοιαν
1126 1836 1297 1934 ἐπιχειρεῖν
1324 1838 1367 1908 τὰ

269 1967 378 2044 κακῶς
394 1963 554 2062 λεγόμενα
579 1962 746 2060 σννιστᾷν,
772 1959 826 2032 καὶ
854 1963 899 2041 ὡς
923 1958 989 2033 lud
1011 1961 1164 2058 τρίποδος
1185 1959 1287 2034 τοῦτο
1312 1961 1365 2034 δε-

268 2089 395 2186 χεσθοι,
412 2086 489 2178 μήτε
512 2087 552 2157 τὰ
575 2088 663 2158 καλὰ
681 2087 896 2182 κακοτρόπως
921 2080 1070 2182 δέχεσθαι
1086 2083 1157 2158 κατ’
1175 2084 1367 2184 ιἰπέχθειιιν,
1502 2137 1503 2180 3

269 2209 360 2282 ἀλλὰ
382 2212 493 2308 κριτὴς
519 2209 646 2292 ιἰποθὴς
666 2215 732 2282 τῶν
759 2212 945 2306 λεγομένων
968 2210 1141 2307 ὑπάρχειν·
1171 2206 1224 2281 καὶ
1250 2213 1366 2307 πρῶτα

267 2338 324 2427 μὲν
340 2337 399 2417 τὴν
417 2335 562 2407 διονοῖον
587 2339 646 2406 τοῦ
670 2333 810 2434 ἇρχοῖον
836 2337 1028 2426 σαφηνίζειν,
1050 2333 1102 2407 καὶ
1131 2333 1306 2432 ἑρμηνεΰιιν
1322 2334 1365 2406 τὰ
1502 2345 1503 2392 3

267 2461 353 2556 αὐτῷ
372 2461 540 2532 δοκοῦντα·
558 2453 663 2532 ’ἔπειτα
681 2461 741 2542 τὴν
759 2458 837 2556 παρ’
855 2455 954 2553 ἕουιῷ
968 2457 1123 2556 ἐπιφέρειν
1135 2459 1255 2556 κρίσιν.

317 2584 363 2658 V.
392 2581 577 2679 Quisquis
590 2581 730 2657 Atticae
747 2579 928 2656 dictionis
946 2581 1149 2656 sanitatem
1166 2581 1365 2656 addiscere
1502 2661 1503 2676 1

267 2709 425 2806 cogitat,
441 2708 539 2782 hanc
557 2707 766 2784 sectionem
778 2708 899 2806 legam
919 2707 985 2805 qui
1002 2716 1170 2784 mentem
1184 2705 1366 2782 eaimbu·
1502 2787 1503 2814 φ

265 2841 346 2916 tam
366 2833 556 2930 percupit‚
582 2832 680 2905 hanc
697 2832 910 2907 sectionem
923 2832 1079 2930 relegat.
1131 2832 1279 2908 Nullibi
1296 2856 1366 2932 ap·
1502 2833 1503 2892 ἶ

266 2964 403 3056 parent
422 2960 638 3027 commenta
663 2952 749 3042 ista,
775 2976 861 3051 quae
878 2955 1048 3030 eruditos
1066 2956 1297 3046 distrahunt,
1324 2968 1367 3035 et
1502 2975 1503 3038 ἶ

266 3079 438 3181 palantes
456 3077 534 3153 huc
551 3077 642 3152 illuc
655 3087 798 3174 agunt;
826 3079 894 3154 sed
911 3078 1015 3176 leges
1029 3080 1304 3177 quadamtenus
1321 3083 1364 3158 in
1502 3087 1503 3182 j

266 3207 352 3304 ipsa
368 3203 511 3300 linguae
528 3202 656 3276 indole
672 3201 861 3289 fundatae;
880 3204 948 3278 sed
966 3227 1131 3280 canones
1148 3204 1304 3281 stabiles
1317 3230 1364 3284 ac
1502 3221 1503 3262 ³

267 3351 467 3432 perennes,
498 3325 565 3423 qui
592 3311 848 3425 disquisitioni
879 3329 1071 3403 acerrimae
1087 3328 1250 3406 fideliter
1274 3333 1365 3406 sub-

264 3452 358 3552 jecti
378 3473 418 3524 se
431 3450 520 3524 viris
531 3449 570 3524 in
584 3449 654 3524 hac
671 3451 846 3551 palaestra
863 3454 1138 3530 desudantibus
1153 3454 1264 3556 focile
1275 3481 1365 3555 pro·

267 3578 417 3651 barunt.
461 3573 583 3670 Leges
602 3574 787 3650 divinitus
805 3578 1048 3678 praescriptae,
1069 3581 1210 3678 quibus
1228 3583 1365 3658 mundi

268 3697 411 3776 fabrica
429 3697 604 3786 cohaeret
626 3721 753 3774 rerum
777 3724 855 3775 vox
878 3712 946 3794 est,
974 3714 1121 3779 naturae
1141 3707 1366 3805 vestigium,

267 3819 439 3898 veritatis
474 3829 576 3894 nota
630 3821 708 3911 Eae,
737 3826 1019 3925 qualescunque
1050 3838 1152 3919 sunt,
1184 3843 1366 3909 maneant

268 3944 522 4022 immutabiles
558 3927 710 4024 necesse
745 3958 813 4024 est.
876 3951 928 4026 Iis
967 3953 1144 4051 profecto
1188 3959 1365 4054 mortalia

270 4079 407 4148 cuncta
434 4069 651 4165 longissime
680 4074 847 4160 cedunt;
882 4077 984 4171 quod
1016 4077 1049 4152 si
1079 4079 1229 4176 magnis
1247 4105 1366 4178 com-

272 4216 413 4297 ponere
441 4216 629 4311 per-parva
655 4197 748 4271 mihi
773 4199 900 4286 liceat,
928 4201 1060 4278 critice
1086 4202 1238 4302 regulas
1264 4228 1364 4282 suas

280 4343 317 4453 q
347 4318 418 4393 illis
449 4319 712 4416 scriptoribus,
742 4325 806 4423 qui
838 4325 1056 4429 incorrupto
1080 4331 1242 4406 sanitate
1266 4343 1366 4426 suut,

311 4441 369 4516 od
396 4451 452 4514 est
477 4445 673 4542 proprium
701 4448 919 4542 Atticorum,
949 4453 1090 4546 haurit,
1115 4468 1363 4556 repertasque
