3094 4946
740 390 800 458 ’68

121 601 210 658 uer.
230 583 271 660 in
292 587 400 658 :otoo
424 581 576 660 alterius
600 579 723 670 initio,
738 578 931 678 murtam
955 581 1084 654 sutem
1107 575 1262 654 alterins
1285 573 1328 652 in

122 669 221 788 2⁸-
231 683 305 760 fine
321 707 397 760 uno
412 681 568 782 negotio
583 681 890 758 constituendum
904 677 1141 754 curavimus:

146 835 197 904 39
382 869 531 961 ---;-·
547 821 814 926 *εναρεβροτῶν*
825 827 904 900 ivi·

384 969 509 1050 Μεῖνιῖς
524 969 632 1068 ἆρχόν
647 968 808 1040 Αιθιοπων
824 971 1027 1060 Μεμνονα-

237 1117 406 1194 Eandem
437 1117 548 1193 metri
580 1115 766 1194 rationem
792 1117 969 1204 servabit,
991 1116 1059 1213 qui
1082 1115 1185 1214 leget
1208 1146 1333 1212 εναριμ-

236 1220 361 1316 βρωον
386 1253 409 1334 γ
438 1251 512 1292 ava.
543 1225 658 1314 atque
692 1216 747 1292 ita
775 1217 930 1314 quidem
960 1239 1030 1314 per
1060 1237 1122 1290 me
1155 1214 1332 1310 cuiquam

236 1317 520 1416 legerehoebit.
573 1317 762 1392 Caeterum
777 1339 853 1392 vor
869 1349 1090 1415 πρατορχον,
1105 1337 1191 1412 quoe
1208 1322 1333 1390 tantm

237 1419 367 1494 turbas
384 1416 501 1504 dedit,
518 1415 671 1492 viderur
686 1415 764 1492 huc
780 1415 974 1514 irrepsisse
991 1439 1040 1490 ex
1058 1415 1188 1490 Isthm
1204 1415 1250 1490 V.
1268 1419 1332 1488 50.

389 1561 453 1628 κ..
469 1559 775 1628 zmirnrxou
801 1559 1034 1628 areronou
1051 1551 1181 1649 ...βω
1232 1625 1237 1636 .

387 1657 736 1727 uuuuoun—
753 1694 964 1708 ---

241 1787 316 1866 Sed
333 1789 381 1864 ad
396 1788 469 1864 alia
485 1811 588 1866 nuno
600 1791 836 1888 pergendum
852 1799 919 1866 est.

291 1926 335 2002 V.
359 1933 390 2002 1.
419 1967 516 1984 --
529 1927 741 2023 ἑλικωπιδος]
769 1927 893 2003 Verba
908 1927 1011 2025 apud
1028 1925 1236 1999 Homerum
1252 1945 1339 2022 pas·

238 2027 314 2102 sim
330 2027 576 2116 occurrentia,
603 2028 661 2101 uti
687 2027 801 2102 hodie
818 2027 932 2101 moris
950 2035 1008 2101 est
1025 2026 1200 2111 scribere,
1217 2024 1339 2116 ἐλικωψ

240 2137 282 2202 et
310 2125 483 2208 iturum?
511 2135 730 2202 constanter
758 2135 912 2202 vertunt
938 2127 1166 2225 interpretes
1193 2123 1339 2223 nigror·

242 2222 535 2301 luciane-oeulos.⁶
585 2229 796 2312 Quamnam
828 2227 856 2302 ii
889 2227 960 2302 sibi
993 2225 1172 2301 finxerint
1205 2223 1341 2298 horum

243 2327 445 2401 verborum
475 2326 671 2424 originem,
704 2328 881 2425 equidem
918 2325 1141 2423 neutiquam
1172 2324 1341 2400 divinare

243 2447 410 2525 possum.
475 2427 532 2502 Ea
560 2427 609 2504 de
640 2451 682 2504 re
710 2429 784 2527 ipsi
817 2427 991 2503 viderint.
1060 2424 1219 2501 Interim
1250 2446 1342 2499 vero

244 2537 482 2626 compertum
495 2527 626 2606 videor
641 2529 779 2603 habere
796 2551 1014 2626 germanam
1030 2549 1162 2603 eorum
1178 2533 1345 2624 potesta-

245 2635 324 2702 tem
340 2650 422 2702 esse
438 2633 595 2717 weimodo
612 2637 651 2704 et
675 2633 875 2717 waiam,
890 2652 934 2703 aa
951 2628 1109 2727 proinde
1125 2625 1344 2703 adverbum

245 2725 493 2802 Homericum
513 2732 665 2803 woman
686 2728 821 2827 (vulgo
841 2729 975 2825 ἑλισσω)
997 2736 1177 2825 tanquam
1198 2724 1345 2800 fontem

242 2847 359 2900 suum
373 2826 505 2902 referri
532 2837 727 2924 oportere3
754 2837 933 2925 recteque
961 2829 1056 2904 adeo
1082 2824 1346 2902 doctissimum

246 2923 441 2998 Graevium
469 2923 517 2997 ad
544 2925 705 3000 Hesiodi
748 2927 942 3023 Theogon.
969 2926 1016 2999 V.
1038 2933 1095 3000 16.
1131 2927 1205 3001 ista
1228 2926 1346 3000 aduo-

246 3030 419 3098 tasse-“
446 3022 731 3120 Ελυεοβλεφαρω7
756 3033 797 3098 et
824 3025 1008 3106 ἐλικωπιδες
1026 3025 1170 3122 ,ρυεΙΙω
1201 3024 1345 3098 Graecis

246 3130 272 3164 “
296 3119 486 3208 dicuutur,
511 3145 592 3218 quoe
612 3133 696 3197 suot
716 3121 838 3197 orobili
859 3123 1043 3198 mmmm
1062 3121 1282 3222 petulantia,
1303 3129 1347 3198 ut

248 3229 272 3262 ‘⁶
301 3220 466 3296 Petron.⁸
480 3218 673 3318 loquitur;
700 3221 782 3297 sive
806 3247 886 3322 quoe
903 3221 1046 3312 taum,
1064 3230 1108 3297 ut
1124 3223 1226 3298 idern
1241 3221 1347 3308 dicit,

290 3389 319 3444 4.
337 3381 552 3465 ἱναριμβρότων
565 3381 631 3442 Par.
644 3381 679 3442 B.
694 3383 771 3463 apud
819 3403 981 3462 oretaque
1012 3403 1047 3444 ao
1078 3385 1164 3444 omelia
1266 3385 1347 3446 'ria

250 3463 372 3526 Βοιὼ
387 3467 464 3526 redd
509 3469 589 3532 sirac
598 3463 774 3524 Rom.Gott.
821 3465 912 3542 Lege,
926 3466 1005 3524 crine
1017 3479 1105 3544 atque
1119 3464 1205 3526 mulir
1218 3486 1246 3544 p.
1289 3465 1346 3526 .B.

251 3543 378 3624 Guelph.
390 3546 456 3605 Par.
510 3587 518 3604 .
541 3543 616 3604 Veo.
630 3542 668 3604 B.
685 3545 724 3604 D.
740 3543 773 3604 F.
864 3549 892 3606 7.
914 3543 1134 3626 ἓλικογλέφαρος
1159 3546 1251 3606 forma
1275 3545 1344 3606 Pin·

251 3627 329 3704 apud
343 3627 475 3685 eundem
515 3623 638 3684 Mallem
659 3626 774 3704 ὀλεσιμ·
823 3623 939 3695 ἀπίοις
962 3625 1028 3686 vide
1054 3625 1161 3686 Boeek.
1188 3623 1288 3686 Paur-
1309 3625 1349 3688 ad

252 3701 373 3782 βρύων,
387 3706 410 3763 si
426 3705 527 3764 suisset
540 3723 598 3763 vox
615 3703 775 3784 Pindarico.
826 3703 909 3766 Piud.
933 3725 1038 3778 xxxiv,
1067 3720 1097 3768 et
1129 3705 1167 3766 ad
1194 3703 1282 3766 Pu.
1308 3725 1348 3776 rr,

295 3791 325 3844 5.
347 3783 599 3856 linteatum
621 3783 775 3853 Ρελίκωπες
826 3789 1014 3847 1712305.
1039 3787 1133 3847 Kiien.
1156 3787 1194 3846 ad
1251 3806 1297 3864 eg.
1318 3805 1349 3865 p.

253 3869 375 3944 'Axarot
395 3877 424 3923 et
445 3870 516 3924 2³4.
538 3865 593 3942 ὁρῶ
616 3863 776 3934 Ρέλικωπας
827 3870 875 3928 17.
887 3866 1007 3926 Salmas.
1029 3865 1103 3928 Plio.
1117 3867 1246 3926 Exercit.
1258 3887 1287 3945 p.
1302 3872 1351 3926 46.

254 3945 397 4025 Ἀχαιοΰς.
825 3945 1351 4026 nucAEoontrartoapudHesych.

295 4031 323 4085 6.
337 4024 471 4084 Fortasse
481 4043 520 4082 ex
529 4021 776 4094 HoratimCarm.
826 4027 927 4086 Βόννα
955 4031 1042 4097 Γυνὴ,
1069 4027 1123 4086 iord
1149 4033 1287 4086 Βοιυτῦν.
1316 4027 1352 4088 ΙΙ.

254 4127 275 4178 1,
295 4105 388 4176 xxxii,
410 4109 457 4163 ll.
498 4103 540 4162 Ei
560 4099 666 4182 Lycum
686 4104 775 4181 nigris
825 4105 865 4176 A,
887 4105 1083 4186 98-δόμεναι
1097 4104 1269 4166 Ρελικύπιδοι
1288 4107 1351 4166 rai·

254 4187 355 4257 oeulis,
376 4186 517 4264 nigroque
545 4183 628 4242 Crine
650 4184 775 4244 decom
825 4210 888 4263 ρην.
916 4183 1000 4245 Cous.
1021 4183 1132 4248 Mutet.
1156 4207 1187 4259 u,
1216 4191 1284 4249 778.
1310 4207 1351 4260 rv,

254 4269 292 4328 A.
319 4267 351 4326 P.
376 4273 424 4329 87.
476 4263 661 4344 &etardum
686 4265 775 4341 nigris
825 4271 893 4337 426,
909 4269 936 4326 7.

253 4345 353 4416 oeulis.
372 4349 507 4426 nigroque
527 4343 640 4424 capilio.
682 4343 776 4404 Piaut.
865 4353 892 4406 8.
913 4345 1007 4406 Immo
1020 4347 1128 4406 Alcimi
1146 4361 1242 4426 poetoe
1265 4349 1348 4424 igno·

253 4423 366 4486 Poenul.
377 4445 404 4498 v,
420 4429 450 4498 ii,
466 4423 775 4504 rotundaverant,
823 4425 889 4486 bilis
900 4426 1102 4506 fragmentum,
1113 4429 1279 4514 quodinter
1289 4429 1346 4490 alia
