<?xml version="1.0" encoding="UTF-8"?>
<!DOCTYPE html PUBLIC "-//W3C//DTD XHTML 1.0 Transitional//EN"
    "http://www.w3.org/TR/xhtml1/DTD/xhtml1-transitional.dtd">
<html xmlns="http://www.w3.org/1999/xhtml" xml:lang="en" lang="en">
 <head>
  <title>
</title>
<meta http-equiv="Content-Type" content="text/html;charset=utf-8" />
  <meta name='ocr-system' content='tesseract 3.04.00' />
  <meta name='ocr-capabilities' content='ocr_page ocr_carea ocr_par ocr_line ocrx_word'/>
</head>
<body>
  <div class='ocr_page' id='page_1' title='image "./ricardidawesiim01kiddgoog_0049.png"; bbox 0 0 3032 4958; ppageno 0'>
   <div class='ocr_carea' id='block_1_1' title="bbox 321 393 977 482">
    <p class='ocr_par' dir='ltr' id='par_1_1' title="bbox 321 393 977 482">
     <span class='ocr_line' id='line_1_1' title="bbox 321 393 977 482; baseline -0.002 -1"><span class='ocrx_word' id='word_1_1' title='bbox 321 404 489 482; x_wconf 75' lang='lat' dir='ltr'><strong>xxxviii*</strong></span> <span class='ocrx_word' id='word_1_2' title='bbox 759 393 977 481; x_wconf 60' lang='lat' dir='ltr'><strong>sacrario.</strong></span> 
     </span>
    </p>
   </div>
   <div class='ocr_carea' id='block_1_2' title="bbox 224 629 1432 4582">
    <p class='ocr_par' dir='ltr' id='par_1_2' title="bbox 224 629 1432 4582">
     <span class='ocr_line' id='line_1_2' title="bbox 320 629 1432 717; baseline 0 -11"><span class='ocrx_word' id='word_1_3' title='bbox 320 633 424 708; x_wconf 91' lang='lat' dir='ltr'><strong>bunc</strong></span> <span class='ocrx_word' id='word_1_4' title='bbox 440 631 481 706; x_wconf 92' lang='lat' dir='ltr'><strong>in</strong></span> <span class='ocrx_word' id='word_1_5' title='bbox 498 631 623 707; x_wconf 87' lang='lat' dir='ltr'><strong>Graeci</strong></span> <span class='ocrx_word' id='word_1_6' title='bbox 634 629 862 706; x_wconf 85' lang='lat' dir='ltr'><strong>Professoris</strong></span> <span class='ocrx_word' id='word_1_7' title='bbox 882 631 1112 708; x_wconf 86' lang='lat' dir='ltr'><strong>Cathedram</strong></span> <span class='ocrx_word' id='word_1_8' title='bbox 1129 639 1336 717; x_wconf 70' lang='lat' dir='ltr'><strong>evectum</strong></span> <span class='ocrx_word' id='word_1_9' title='bbox 1364 631 1432 706; x_wconf 90' lang='lat' dir='ltr'><strong>sed</strong></span> 
     </span>
     <span class='ocr_line' id='line_1_3' title="bbox 319 755 1432 856; baseline -0.002 -25"><span class='ocrx_word' id='word_1_10' title='bbox 319 757 485 832; x_wconf 72' lang='lat' dir='ltr'><strong>Vidimus</strong></span> <span class='ocrx_word' id='word_1_11' title='bbox 506 767 679 843; x_wconf 64' lang='lat' dir='ltr'><strong>tantum</strong></span> <span class='ocrx_word' id='word_1_12' title='bbox 705 755 760 828; x_wconf 74' lang='lat' dir='ltr'><strong>&#39;Id</strong></span> <span class='ocrx_word' id='word_1_13' title='bbox 778 757 912 854; x_wconf 80' lang='grc' dir='ltr'>βρότεια</span> <span class='ocrx_word' id='word_1_14' title='bbox 940 755 1117 856; x_wconf 77' lang='grc' dir='ltr'>πρᾶγματ’·</span> <span class='ocrx_word' id='word_1_15' title='bbox 1141 758 1348 856; x_wconf 69' lang='grc' dir='ltr'>εὐτυχοῦντα</span> <span class='ocrx_word' id='word_1_16' title='bbox 1376 757 1432 849; x_wconf 67' lang='grc' dir='ltr'><strong>μὲν</strong></span> 
     </span>
     <span class='ocr_line' id='line_1_4' title="bbox 322 879 1432 981; baseline -0.001 -27"><span class='ocrx_word' id='word_1_17' title='bbox 322 883 405 954; x_wconf 65' lang='lat' dir='ltr'><strong>Exit</strong></span> <span class='ocrx_word' id='word_1_18' title='bbox 422 916 471 964; x_wconf 86' lang='grc' dir='ltr'><strong>τις</strong></span> <span class='ocrx_word' id='word_1_19' title='bbox 485 880 525 954; x_wconf 81' lang='lat' dir='ltr'><strong>dv</strong></span> <span class='ocrx_word' id='word_1_20' title='bbox 542 887 696 981; x_wconf 72' lang='grc' dir='ltr'>τρέψειεν·</span> <span class='ocrx_word' id='word_1_21' title='bbox 707 879 731 952; x_wconf 78' lang='grc' dir='ltr'><strong>εἷ</strong></span> <span class='ocrx_word' id='word_1_22' title='bbox 745 882 776 952; x_wconf 76' lang='grc' dir='ltr'><strong>δὲ</strong></span> <span class='ocrx_word' id='word_1_23' title='bbox 790 882 958 981; x_wconf 72' lang='grc' dir='ltr'>δυστυχοῖ,</span> <span class='ocrx_word' id='word_1_24' title='bbox 975 883 1101 963; x_wconf 83' lang='grc' dir='ltr'><strong><em>Βολαῖς</em></strong></span> <span class='ocrx_word' id='word_1_25' title='bbox 1118 883 1306 981; x_wconf 64' lang='lat' dir='ltr'><strong>dypticum</strong></span> <span class='ocrx_word' id='word_1_26' title='bbox 1325 881 1432 979; x_wconf 72' lang='grc' dir='ltr'>σπόγ-</span> 
     </span>
     <span class='ocr_line' id='line_1_5' title="bbox 320 1002 1431 1105; baseline 0 -27"><span class='ocrx_word' id='word_1_27' title='bbox 320 1039 381 1105; x_wconf 78' lang='grc' dir='ltr'><strong>γος</strong></span> <span class='ocrx_word' id='word_1_28' title='bbox 397 1005 516 1079; x_wconf 77' lang='grc' dir='ltr'>ὤλεσεν</span> <span class='ocrx_word' id='word_1_29' title='bbox 534 1006 676 1105; x_wconf 64' lang='lat' dir='ltr'><strong>ypepis.</strong></span> <span class='ocrx_word' id='word_1_30' title='bbox 731 1004 926 1101; x_wconf 83' lang='lat' dir='ltr'><strong>Quicquid</strong></span> <span class='ocrx_word' id='word_1_31' title='bbox 953 1006 1016 1091; x_wconf 90' lang='lat' dir='ltr'><strong>sit,</strong></span> <span class='ocrx_word' id='word_1_32' title='bbox 1046 1002 1227 1078; x_wconf 87' lang='lat' dir='ltr'><strong>Numinis</strong></span> <span class='ocrx_word' id='word_1_33' title='bbox 1257 1014 1321 1079; x_wconf 89' lang='lat' dir='ltr'><strong>ter</strong></span> <span class='ocrx_word' id='word_1_34' title='bbox 1352 1007 1431 1102; x_wconf 91' lang='lat' dir='ltr'><strong>Op-</strong></span> 
     </span>
     <span class='ocr_line' id='line_1_6' title="bbox 319 1129 1426 1228; baseline -0.002 -24"><span class='ocrx_word' id='word_1_35' title='bbox 319 1129 598 1204; x_wconf 88' lang='lat' dir='ltr'><strong>tumiMaxumi</strong></span> <span class='ocrx_word' id='word_1_36' title='bbox 611 1129 776 1205; x_wconf 89' lang='lat' dir='ltr'><strong>decretis</strong></span> <span class='ocrx_word' id='word_1_37' title='bbox 788 1130 915 1205; x_wconf 87' lang='lat' dir='ltr'><strong>animo</strong></span> <span class='ocrx_word' id='word_1_38' title='bbox 927 1129 1091 1204; x_wconf 89' lang='lat' dir='ltr'><strong>demisso</strong></span> <span class='ocrx_word' id='word_1_39' title='bbox 1102 1129 1426 1228; x_wconf 89' lang='lat' dir='ltr'><strong>obtemperemus.</strong></span> 
     </span>
     <span class='ocr_line' id='line_1_7' title="bbox 321 1252 1426 1354; baseline 0.003 -28"><span class='ocrx_word' id='word_1_40' title='bbox 321 1252 516 1330; x_wconf 84' lang='lat' dir='ltr'>Professor</span> <span class='ocrx_word' id='word_1_41' title='bbox 533 1253 552 1327; x_wconf 82' lang='grc' dir='ltr'>ὁ</span> <span class='ocrx_word' id='word_1_42' title='bbox 568 1258 744 1354; x_wconf 74' lang='grc' dir='ltr'>μακαρίτης</span> <span class='ocrx_word' id='word_1_43' title='bbox 771 1253 957 1330; x_wconf 86' lang='lat' dir='ltr'><strong>doctrinae</strong></span> <span class='ocrx_word' id='word_1_44' title='bbox 984 1255 1140 1343; x_wconf 90' lang='lat' dir='ltr'><strong>divitiis,</strong></span> <span class='ocrx_word' id='word_1_45' title='bbox 1167 1254 1318 1353; x_wconf 88' lang='lat' dir='ltr'><strong>ingenii</strong></span> <span class='ocrx_word' id='word_1_46' title='bbox 1338 1279 1426 1329; x_wconf 91' lang='lat' dir='ltr'><strong>acu·</strong></span> 
     </span>
     <span class='ocr_line' id='line_1_8' title="bbox 319 1377 1427 1477; baseline 0 -25"><span class='ocrx_word' id='word_1_47' title='bbox 319 1377 433 1465; x_wconf 87' lang='lat' dir='ltr'><strong>mine,</strong></span> <span class='ocrx_word' id='word_1_48' title='bbox 450 1378 757 1476; x_wconf 73' lang='lat' dir='ltr'><strong>pertinacissima</strong></span> <span class='ocrx_word' id='word_1_49' title='bbox 780 1378 821 1452; x_wconf 93' lang='lat' dir='ltr'><strong>in</strong></span> <span class='ocrx_word' id='word_1_50' title='bbox 846 1379 1052 1477; x_wconf 75' lang='lat' dir='ltr'><strong>quaerendo</strong></span> <span class='ocrx_word' id='word_1_51' title='bbox 1071 1380 1303 1466; x_wconf 87' lang='lat' dir='ltr'><strong>constantia,</strong></span> <span class='ocrx_word' id='word_1_52' title='bbox 1321 1387 1427 1454; x_wconf 86' lang='lat' dir='ltr'><strong>recta</strong></span> 
     </span>
     <span class='ocr_line' id='line_1_9' title="bbox 315 1501 1425 1604; baseline 0.002 -28"><span class='ocrx_word' id='word_1_53' title='bbox 315 1501 454 1599; x_wconf 88' lang='lat' dir='ltr'><strong>judicii</strong></span> <span class='ocrx_word' id='word_1_54' title='bbox 472 1502 618 1578; x_wconf 89' lang='lat' dir='ltr'><strong>trutina</strong></span> <span class='ocrx_word' id='word_1_55' title='bbox 635 1503 888 1602; x_wconf 88' lang='lat' dir='ltr'><strong>conspicuus;</strong></span> <span class='ocrx_word' id='word_1_56' title='bbox 915 1505 1133 1604; x_wconf 88' lang='lat' dir='ltr'><strong>inscriptis</strong></span> <span class='ocrx_word' id='word_1_57' title='bbox 1160 1527 1246 1602; x_wconf 86' lang='lat' dir='ltr'><strong>quae</strong></span> <span class='ocrx_word' id='word_1_58' title='bbox 1276 1505 1319 1578; x_wconf 92' lang='lat' dir='ltr'><strong>in</strong></span> <span class='ocrx_word' id='word_1_59' title='bbox 1346 1505 1425 1578; x_wconf 87' lang='lat' dir='ltr'><strong>dias</strong></span> 
     </span>
     <span class='ocr_line' id='line_1_10' title="bbox 318 1627 1424 1728; baseline 0.001 -27"><span class='ocrx_word' id='word_1_60' title='bbox 318 1627 472 1702; x_wconf 91' lang='lat' dir='ltr'><strong>luminis</strong></span> <span class='ocrx_word' id='word_1_61' title='bbox 485 1651 570 1702; x_wconf 88' lang='lat' dir='ltr'><strong>oras</strong></span> <span class='ocrx_word' id='word_1_62' title='bbox 583 1629 822 1726; x_wconf 90' lang='lat' dir='ltr'><strong>prodierunt,</strong></span> <span class='ocrx_word' id='word_1_63' title='bbox 842 1636 865 1669; x_wconf 89' lang='lat'><strong><em>“</em></strong></span> <span class='ocrx_word' id='word_1_64' title='bbox 878 1629 1003 1704; x_wconf 87' lang='lat' dir='ltr'><strong>ubivis</strong></span> <span class='ocrx_word' id='word_1_65' title='bbox 1013 1629 1261 1728; x_wconf 87' lang='lat' dir='ltr'><strong>integerrima</strong></span> <span class='ocrx_word' id='word_1_66' title='bbox 1278 1628 1374 1702; x_wconf 89' lang='lat' dir='ltr'><strong>fides</strong></span> <span class='ocrx_word' id='word_1_67' title='bbox 1386 1637 1424 1702; x_wconf 91' lang='lat' dir='ltr'><strong>et</strong></span> 
     </span>
     <span class='ocr_line' id='line_1_11' title="bbox 318 1751 1425 1849; baseline 0.002 -24"><span class='ocrx_word' id='word_1_68' title='bbox 318 1752 502 1849; x_wconf 85' lang='lat' dir='ltr'><strong>probitas,</strong></span> <span class='ocrx_word' id='word_1_69' title='bbox 522 1762 607 1826; x_wconf 92' lang='lat' dir='ltr'><strong>tum</strong></span> <span class='ocrx_word' id='word_1_70' title='bbox 622 1751 811 1827; x_wconf 83' lang='lat' dir='ltr'><strong>factorum</strong></span> <span class='ocrx_word' id='word_1_71' title='bbox 827 1753 1002 1841; x_wconf 89' lang='lat' dir='ltr'><strong>veritate,</strong></span> <span class='ocrx_word' id='word_1_72' title='bbox 1019 1763 1103 1828; x_wconf 88' lang='lat' dir='ltr'><strong>tum</strong></span> <span class='ocrx_word' id='word_1_73' title='bbox 1121 1754 1319 1829; x_wconf 91' lang='lat' dir='ltr'><strong>dictorum</strong></span> <span class='ocrx_word' id='word_1_74' title='bbox 1338 1755 1425 1828; x_wconf 88' lang='lat' dir='ltr'><strong>sim-</strong></span> 
     </span>
     <span class='ocr_line' id='line_1_12' title="bbox 319 1874 1425 1976; baseline 0.004 -28"><span class='ocrx_word' id='word_1_75' title='bbox 319 1874 493 1974; x_wconf 89' lang='lat' dir='ltr'><strong>plicitate</strong></span> <span class='ocrx_word' id='word_1_76' title='bbox 510 1875 695 1952; x_wconf 89' lang='lat' dir='ltr'><strong>elucent.”</strong></span> <span class='ocrx_word' id='word_1_77' title='bbox 741 1878 818 1952; x_wconf 93' lang='lat' dir='ltr'><strong>Hic</strong></span> <span class='ocrx_word' id='word_1_78' title='bbox 834 1901 1037 1976; x_wconf 87' lang='lat' dir='ltr'><strong>germanus</strong></span> <span class='ocrx_word' id='word_1_79' title='bbox 1056 1879 1219 1955; x_wconf 73' lang='lat' dir='ltr'><strong>Perconi</strong></span> <span class='ocrx_word' id='word_1_80' title='bbox 1236 1879 1425 1966; x_wconf 71' lang='lat' dir='ltr'><strong>alumnus</strong></span> 
     </span>
     <span class='ocr_line' id='line_1_13' title="bbox 318 1999 1421 2092; baseline 0.002 -18"><span class='ocrx_word' id='word_1_81' title='bbox 318 1999 516 2075; x_wconf 87' lang='lat' dir='ltr'><strong>literarum</strong></span> <span class='ocrx_word' id='word_1_82' title='bbox 534 2002 574 2074; x_wconf 94' lang='lat' dir='ltr'><strong>in</strong></span> <span class='ocrx_word' id='word_1_83' title='bbox 591 2001 795 2077; x_wconf 80' lang='lat' dir='ltr'><strong>Academia</strong></span> <span class='ocrx_word' id='word_1_84' title='bbox 812 2010 943 2078; x_wconf 89' lang='lat' dir='ltr'><strong>nostra</strong></span> <span class='ocrx_word' id='word_1_85' title='bbox 962 2004 1092 2092; x_wconf 87' lang='lat' dir='ltr'><strong>decus,</strong></span> <span class='ocrx_word' id='word_1_86' title='bbox 1116 2012 1155 2080; x_wconf 90' lang='lat' dir='ltr'><strong>et</strong></span> <span class='ocrx_word' id='word_1_87' title='bbox 1179 2005 1421 2080; x_wconf 82' lang='lat' dir='ltr'><strong>literatorum</strong></span> 
     </span>
     <span class='ocr_line' id='line_1_14' title="bbox 319 2116 1422 2227; baseline 0.002 -29"><span class='ocrx_word' id='word_1_88' title='bbox 319 2116 439 2213; x_wconf 86' lang='lat' dir='ltr'><strong>amor,</strong></span> <span class='ocrx_word' id='word_1_89' title='bbox 465 2127 591 2225; x_wconf 87' lang='lat' dir='ltr'><strong>palam</strong></span> <span class='ocrx_word' id='word_1_90' title='bbox 619 2129 807 2226; x_wconf 86' lang='lat' dir='ltr'><strong>exemplo,</strong></span> <span class='ocrx_word' id='word_1_91' title='bbox 834 2128 1014 2227; x_wconf 89' lang='lat' dir='ltr'><strong>privatim</strong></span> <span class='ocrx_word' id='word_1_92' title='bbox 1040 2127 1206 2203; x_wconf 90' lang='lat' dir='ltr'><strong>consiliis</strong></span> <span class='ocrx_word' id='word_1_93' title='bbox 1231 2129 1422 2203; x_wconf 89' lang='lat' dir='ltr'><strong>culturam</strong></span> 
     </span>
     <span class='ocr_line' id='line_1_15' title="bbox 224 2251 1418 2352; baseline 0.002 -30"><span class='ocrx_word' id='word_1_94' title='bbox 224 2282 229 2298; x_wconf 70' lang='lat'><strong><em>¹</em></strong></span> <span class='ocrx_word' id='word_1_95' title='bbox 319 2272 448 2323; x_wconf 88' lang='lat' dir='ltr'><strong>sanam</strong></span> <span class='ocrx_word' id='word_1_96' title='bbox 471 2251 732 2349; x_wconf 88' lang='lat' dir='ltr'><strong>promovebat,</strong></span> <span class='ocrx_word' id='word_1_97' title='bbox 756 2260 795 2326; x_wconf 90' lang='lat' dir='ltr'><strong>et</strong></span> <span class='ocrx_word' id='word_1_98' title='bbox 812 2253 977 2352; x_wconf 91' lang='lat' dir='ltr'><strong>publicis</strong></span> <span class='ocrx_word' id='word_1_99' title='bbox 993 2254 1190 2330; x_wconf 89' lang='lat' dir='ltr'><strong>literarum</strong></span> <span class='ocrx_word' id='word_1_100' title='bbox 1208 2251 1418 2346; x_wconf 83' lang='lat' dir='ltr'><strong>commodis</strong></span> 
     </span>
     <span class='ocr_line' id='line_1_16' title="bbox 314 2373 1420 2478; baseline 0.002 -32"><span class='ocrx_word' id='word_1_101' title='bbox 314 2373 526 2449; x_wconf 85' lang='lat' dir='ltr'><strong>liberaliter</strong></span> <span class='ocrx_word' id='word_1_102' title='bbox 565 2376 1061 2476; x_wconf 73' lang='lat' dir='ltr'><strong>opitulabatur—Mortem</strong></span> <span class='ocrx_word' id='word_1_103' title='bbox 1092 2376 1207 2453; x_wconf 91' lang='lat' dir='ltr'><strong>lentis</strong></span> <span class='ocrx_word' id='word_1_104' title='bbox 1243 2377 1420 2478; x_wconf 88' lang='lat' dir='ltr'><strong>passibus</strong></span> 
     </span>
     <span class='ocr_line' id='line_1_17' title="bbox 319 2497 1420 2598; baseline 0.001 -27"><span class='ocrx_word' id='word_1_105' title='bbox 319 2499 690 2598; x_wconf 80' lang='lat' dir='ltr'><strong>appropinquantem</strong></span> <span class='ocrx_word' id='word_1_106' title='bbox 708 2501 924 2578; x_wconf 87' lang='lat' dir='ltr'><strong>Christiana</strong></span> <span class='ocrx_word' id='word_1_107' title='bbox 941 2502 1015 2578; x_wconf 91' lang='lat' dir='ltr'><strong>fide</strong></span> <span class='ocrx_word' id='word_1_108' title='bbox 1041 2503 1300 2580; x_wconf 89' lang='lat' dir='ltr'><strong>communitus</strong></span> <span class='ocrx_word' id='word_1_109' title='bbox 1318 2497 1420 2577; x_wconf 88' lang='lat' dir='ltr'><strong>haud</strong></span> 
     </span>
     <span class='ocr_line' id='line_1_18' title="bbox 316 2621 1419 2724; baseline 0.003 -28"><span class='ocrx_word' id='word_1_110' title='bbox 316 2621 560 2699; x_wconf 83' lang='lat' dir='ltr'><strong>formidavit:</strong></span> <span class='ocrx_word' id='word_1_111' title='bbox 586 2627 762 2724; x_wconf 88' lang='lat' dir='ltr'><strong>quamvis</strong></span> <span class='ocrx_word' id='word_1_112' title='bbox 786 2651 808 2702; x_wconf 93' lang='lat' dir='ltr'><strong>e</strong></span> <span class='ocrx_word' id='word_1_113' title='bbox 829 2629 974 2703; x_wconf 87' lang='lat' dir='ltr'><strong>caduco</strong></span> <span class='ocrx_word' id='word_1_114' title='bbox 998 2627 1071 2704; x_wconf 90' lang='lat' dir='ltr'><strong>hoo</strong></span> <span class='ocrx_word' id='word_1_115' title='bbox 1089 2629 1310 2704; x_wconf 89' lang='lat' dir='ltr'><strong>deversorio</strong></span> <span class='ocrx_word' id='word_1_116' title='bbox 1328 2648 1419 2702; x_wconf 84' lang='lat' dir='ltr'><strong>evo-</strong></span> 
     </span>
     <span class='ocr_line' id='line_1_19' title="bbox 315 2746 1420 2846; baseline -0.001 -25"><span class='ocrx_word' id='word_1_117' title='bbox 315 2747 398 2823; x_wconf 85' lang='lat' dir='ltr'><strong>lans</strong></span> <span class='ocrx_word' id='word_1_118' title='bbox 415 2748 463 2824; x_wconf 91' lang='lat' dir='ltr'><strong>ad</strong></span> <span class='ocrx_word' id='word_1_119' title='bbox 482 2749 656 2826; x_wconf 91' lang='lat' dir='ltr'><strong>divinum</strong></span> <span class='ocrx_word' id='word_1_120' title='bbox 683 2752 894 2828; x_wconf 91' lang='lat' dir='ltr'><strong>animorum</strong></span> <span class='ocrx_word' id='word_1_121' title='bbox 918 2753 1122 2828; x_wconf 87' lang='lat' dir='ltr'><strong>concilium</strong></span> <span class='ocrx_word' id='word_1_122' title='bbox 1148 2750 1335 2837; x_wconf 84' lang='lat' dir='ltr'><strong>discessit,</strong></span> <span class='ocrx_word' id='word_1_123' title='bbox 1351 2746 1420 2846; x_wconf 93' lang='lat' dir='ltr'><strong>qui</strong></span> 
     </span>
     <span class='ocr_line' id='line_1_20' title="bbox 313 2875 1418 2977; baseline -0.001 -30"><span class='ocrx_word' id='word_1_124' title='bbox 313 2875 511 2950; x_wconf 76' lang='lat' dir='ltr'><strong>immortali</strong></span> <span class='ocrx_word' id='word_1_125' title='bbox 526 2904 602 2952; x_wconf 83' lang='lat' dir='ltr'><strong>oevo</strong></span> <span class='ocrx_word' id='word_1_126' title='bbox 618 2903 755 2954; x_wconf 72' lang='lat' dir='ltr'><strong>marma</strong></span> <span class='ocrx_word' id='word_1_127' title='bbox 771 2903 849 2953; x_wconf 85' lang='lat' dir='ltr'><strong>cum</strong></span> <span class='ocrx_word' id='word_1_128' title='bbox 858 2877 1174 2977; x_wconf 68' lang='lat' dir='ltr'><strong>penestrinam,-</strong></span> <span class='ocrx_word' id='word_1_129' title='bbox 1199 2902 1276 2952; x_wconf 93' lang='lat' dir='ltr'><strong>non</strong></span> <span class='ocrx_word' id='word_1_130' title='bbox 1289 2885 1418 2952; x_wconf 89' lang='lat' dir='ltr'><strong>tamen</strong></span> 
     </span>
     <span class='ocr_line' id='line_1_21' title="bbox 314 2997 1416 3103; baseline -0.001 -31"><span class='ocrx_word' id='word_1_131' title='bbox 314 2997 388 3072; x_wconf 91' lang='lat' dir='ltr'><strong>hoc</strong></span> <span class='ocrx_word' id='word_1_132' title='bbox 413 3000 647 3075; x_wconf 90' lang='lat' dir='ltr'><strong>domicilium</strong></span> <span class='ocrx_word' id='word_1_133' title='bbox 673 3003 828 3078; x_wconf 93' lang='lat' dir='ltr'><strong>omnino</strong></span> <span class='ocrx_word' id='word_1_134' title='bbox 855 3004 978 3078; x_wconf 90' lang='lat' dir='ltr'><strong>omnis</strong></span> <span class='ocrx_word' id='word_1_135' title='bbox 1009 3005 1203 3095; x_wconf 84' lang='lat' dir='ltr'><strong>deseruit3</strong></span> <span class='ocrx_word' id='word_1_136' title='bbox 1233 2998 1416 3103; x_wconf 87' lang='lat' dir='ltr'><strong>quicquid</strong></span> 
     </span>
     <span class='ocr_line' id='line_1_22' title="bbox 313 3123 1416 3228; baseline 0 -31"><span class='ocrx_word' id='word_1_137' title='bbox 313 3147 363 3198; x_wconf 87' lang='lat' dir='ltr'><strong>ex</strong></span> <span class='ocrx_word' id='word_1_138' title='bbox 391 3123 457 3199; x_wconf 91' lang='lat' dir='ltr'><strong>illo</strong></span> <span class='ocrx_word' id='word_1_139' title='bbox 486 3125 710 3216; x_wconf 89' lang='lat' dir='ltr'><strong>amavimus,</strong></span> <span class='ocrx_word' id='word_1_140' title='bbox 739 3129 923 3228; x_wconf 91' lang='lat' dir='ltr'><strong>quicquid</strong></span> <span class='ocrx_word' id='word_1_141' title='bbox 949 3131 1076 3205; x_wconf 88' lang='lat' dir='ltr'><strong>mirati</strong></span> <span class='ocrx_word' id='word_1_142' title='bbox 1107 3155 1251 3218; x_wconf 91' lang='lat' dir='ltr'><strong>sumus,</strong></span> <span class='ocrx_word' id='word_1_143' title='bbox 1277 3131 1416 3209; x_wconf 87' lang='lat' dir='ltr'><strong>manet,</strong></span> 
     </span>
     <span class='ocr_line' id='line_1_23' title="bbox 312 3252 1415 3351; baseline 0.007 -31"><span class='ocrx_word' id='word_1_144' title='bbox 312 3268 606 3347; x_wconf 88' lang='lat' dir='ltr'><strong>mansurumque</strong></span> <span class='ocrx_word' id='word_1_145' title='bbox 625 3252 740 3344; x_wconf 78' lang='lat' dir='ltr'><strong>estin</strong></span> <span class='ocrx_word' id='word_1_146' title='bbox 757 3255 977 3351; x_wconf 89' lang='lat' dir='ltr'><strong>pectoribus</strong></span> <span class='ocrx_word' id='word_1_147' title='bbox 1004 3256 1226 3343; x_wconf 89' lang='lat' dir='ltr'><strong>amicorum,</strong></span> <span class='ocrx_word' id='word_1_148' title='bbox 1251 3256 1291 3330; x_wconf 90' lang='lat' dir='ltr'><strong>in</strong></span> <span class='ocrx_word' id='word_1_149' title='bbox 1317 3253 1415 3328; x_wconf 78' lang='lat' dir='ltr'><strong>fama</strong></span> 
     </span>
     <span class='ocr_line' id='line_1_24' title="bbox 312 3372 1414 3479; baseline 0.005 -34"><span class='ocrx_word' id='word_1_150' title='bbox 312 3392 465 3446; x_wconf 88' lang='lat' dir='ltr'><strong>rerum:</strong></span> <span class='ocrx_word' id='word_1_151' title='bbox 492 3380 532 3447; x_wconf 95' lang='lat' dir='ltr'><strong>et</strong></span> <span class='ocrx_word' id='word_1_152' title='bbox 553 3372 637 3472; x_wconf 89' lang='lat' dir='ltr'><strong>ejus</strong></span> <span class='ocrx_word' id='word_1_153' title='bbox 654 3375 845 3469; x_wconf 86' lang='lat' dir='ltr'><strong>amicitiae,</strong></span> <span class='ocrx_word' id='word_1_154' title='bbox 862 3406 977 3479; x_wconf 88' lang='lat' dir='ltr'><strong>quam</strong></span> <span class='ocrx_word' id='word_1_155' title='bbox 994 3393 1123 3460; x_wconf 87' lang='lat' dir='ltr'><strong>sancte</strong></span> <span class='ocrx_word' id='word_1_156' title='bbox 1142 3394 1180 3459; x_wconf 89' lang='lat' dir='ltr'><strong>et</strong></span> <span class='ocrx_word' id='word_1_157' title='bbox 1198 3389 1414 3458; x_wconf 86' lang='lat' dir='ltr'><strong>constanter</strong></span> 
     </span>
     <span class='ocr_line' id='line_1_25' title="bbox 310 3498 1412 3606; baseline 0.005 -34"><span class='ocrx_word' id='word_1_158' title='bbox 310 3498 560 3586; x_wconf 77' lang='lat' dir='ltr'><strong>excolamus.</strong></span> <span class='ocrx_word' id='word_1_159' title='bbox 580 3503 796 3579; x_wconf 86' lang='lat' dir='ltr'><strong>recordatio</strong></span> <span class='ocrx_word' id='word_1_160' title='bbox 823 3506 916 3580; x_wconf 93' lang='lat' dir='ltr'><strong>mihi</strong></span> <span class='ocrx_word' id='word_1_161' title='bbox 935 3505 1213 3606; x_wconf 90' lang='lat' dir='ltr'><strong>jucundissima</strong></span> <span class='ocrx_word' id='word_1_162' title='bbox 1231 3508 1316 3594; x_wconf 90' lang='lat' dir='ltr'><strong>erit,</strong></span> <span class='ocrx_word' id='word_1_163' title='bbox 1332 3503 1412 3578; x_wconf 78' lang='lat' dir='ltr'><strong>dum</strong></span> 
     </span>
     <span class='ocr_line' id='line_1_26' title="bbox 312 3623 1411 3733; baseline 0.004 -38"><span class='ocrx_word' id='word_1_164' title='bbox 312 3647 444 3697; x_wconf 83' lang='lat' dir='ltr'><strong>memor</strong></span> <span class='ocrx_word' id='word_1_165' title='bbox 453 3623 534 3722; x_wconf 69' lang='lat' dir='ltr'><strong>iprae</strong></span> <span class='ocrx_word' id='word_1_166' title='bbox 542 3627 625 3712; x_wconf 82' lang='lat' dir='ltr'><strong>mei,</strong></span> <span class='ocrx_word' id='word_1_167' title='bbox 646 3627 729 3702; x_wconf 84' lang='lat' dir='ltr'><strong>dum</strong></span> <span class='ocrx_word' id='word_1_168' title='bbox 742 3629 900 3729; x_wconf 78' lang='lat' dir='ltr'><strong>spiritus</strong></span> <span class='ocrx_word' id='word_1_169' title='bbox 917 3633 984 3707; x_wconf 79' lang='lat' dir='ltr'><strong>bos</strong></span> <span class='ocrx_word' id='word_1_170' title='bbox 1001 3643 1109 3733; x_wconf 83' lang='lat' dir='ltr'><strong>reget</strong></span> <span class='ocrx_word' id='word_1_171' title='bbox 1120 3643 1236 3708; x_wconf 75' lang='lat' dir='ltr'><strong>ortas.</strong></span> <span class='ocrx_word' id='word_1_172' title='bbox 1288 3629 1411 3706; x_wconf 79' lang='lat' dir='ltr'><strong>Elma-</strong></span> 
     </span>
     <span class='ocr_line' id='line_1_27' title="bbox 312 3743 1410 3858; baseline 0.012 -40"><span class='ocrx_word' id='word_1_173' title='bbox 312 3743 406 3820; x_wconf 72' lang='lat' dir='ltr'><strong>uias</strong></span> <span class='ocrx_word' id='word_1_174' title='bbox 424 3768 577 3846; x_wconf 90' lang='lat' dir='ltr'><strong>quoque</strong></span> <span class='ocrx_word' id='word_1_175' title='bbox 594 3753 778 3828; x_wconf 89' lang='lat' dir='ltr'><strong>sermonis</strong></span> <span class='ocrx_word' id='word_1_176' title='bbox 799 3755 921 3833; x_wconf 88' lang='lat' dir='ltr'><strong>Attici</strong></span> <span class='ocrx_word' id='word_1_177' title='bbox 948 3757 1091 3835; x_wconf 72' lang='lat' dir='ltr'><strong>arbiter</strong></span> <span class='ocrx_word' id='word_1_178' title='bbox 1110 3758 1410 3858; x_wconf 85' lang='lat' dir='ltr'><strong>elegantissimus</strong></span> 
     </span>
     <span class='ocr_line' id='line_1_28' title="bbox 310 3868 1410 3983; baseline 0.008 -42"><span class='ocrx_word' id='word_1_179' title='bbox 310 3868 373 3943; x_wconf 91' lang='lat' dir='ltr'><strong>sui</strong></span> <span class='ocrx_word' id='word_1_180' title='bbox 396 3870 505 3944; x_wconf 89' lang='lat' dir='ltr'><strong>triste</strong></span> <span class='ocrx_word' id='word_1_181' title='bbox 535 3875 644 3948; x_wconf 92' lang='lat' dir='ltr'><strong>nobis</strong></span> <span class='ocrx_word' id='word_1_182' title='bbox 674 3876 908 3958; x_wconf 89' lang='lat' dir='ltr'><strong>desiderium</strong></span> <span class='ocrx_word' id='word_1_183' title='bbox 935 3885 1112 3983; x_wconf 91' lang='lat' dir='ltr'><strong>reliquit;</strong></span> <span class='ocrx_word' id='word_1_184' title='bbox 1140 3897 1268 3960; x_wconf 91' lang='lat' dir='ltr'><strong>tamen</strong></span> <span class='ocrx_word' id='word_1_185' title='bbox 1295 3878 1410 3958; x_wconf 92' lang='lat' dir='ltr'><strong>nolim</strong></span> 
     </span>
     <span class='ocr_line' id='line_1_29' title="bbox 312 3993 1408 4102; baseline 0.011 -34"><span class='ocrx_word' id='word_1_186' title='bbox 312 3993 496 4081; x_wconf 90' lang='lat' dir='ltr'><strong>dolorem,</strong></span> <span class='ocrx_word' id='word_1_187' title='bbox 528 3997 595 4093; x_wconf 92' lang='lat' dir='ltr'><strong>qui</strong></span> <span class='ocrx_word' id='word_1_188' title='bbox 623 3999 761 4076; x_wconf 83' lang='lat' dir='ltr'><strong>infixus</strong></span> <span class='ocrx_word' id='word_1_189' title='bbox 779 4005 904 4082; x_wconf 90' lang='lat' dir='ltr'><strong>animo</strong></span> <span class='ocrx_word' id='word_1_190' title='bbox 929 4011 1064 4098; x_wconf 71' lang='lat' dir='ltr'><strong>haeret,</strong></span> <span class='ocrx_word' id='word_1_191' title='bbox 1096 4010 1303 4086; x_wconf 89' lang='lat' dir='ltr'><strong>virtutibus</strong></span> <span class='ocrx_word' id='word_1_192' title='bbox 1329 4004 1408 4102; x_wconf 85' lang='lat' dir='ltr'><strong>ejus</strong></span> 
     </span>
     <span class='ocr_line' id='line_1_30' title="bbox 312 4124 1409 4232; baseline 0.005 -38"><span class='ocrx_word' id='word_1_193' title='bbox 312 4124 651 4199; x_wconf 86' lang='lat' dir='ltr'><strong>commemorandis</strong></span> <span class='ocrx_word' id='word_1_194' title='bbox 685 4151 880 4206; x_wconf 88' lang='lat' dir='ltr'><strong>renovare.</strong></span> <span class='ocrx_word' id='word_1_195' title='bbox 936 4133 1079 4209; x_wconf 87' lang='lat' dir='ltr'><strong>Gratiae</strong></span> <span class='ocrx_word' id='word_1_196' title='bbox 1113 4158 1266 4232; x_wconf 91' lang='lat' dir='ltr'><strong>quoque</strong></span> <span class='ocrx_word' id='word_1_197' title='bbox 1299 4127 1409 4204; x_wconf 80' lang='lat' dir='ltr'><strong>Gnis-</strong></span> 
     </span>
     <span class='ocr_line' id='line_1_31' title="bbox 236 4244 1405 4346; baseline 0.015 -29"><span class='ocrx_word' id='word_1_198' title='bbox 236 4339 239 4346; x_wconf 17' lang='grc' dir='ltr'>λ</span> <span class='ocrx_word' id='word_1_199' title='bbox 297 4244 438 4340; x_wconf 82' lang='lat' dir='ltr'><strong>fordio</strong></span> <span class='ocrx_word' id='word_1_200' title='bbox 455 4246 628 4322; x_wconf 76' lang='lat' dir='ltr'><strong>maximae</strong></span> <span class='ocrx_word' id='word_1_201' title='bbox 646 4251 870 4346; x_wconf 84' lang='lat' dir='ltr'><strong>referantur,</strong></span> <span class='ocrx_word' id='word_1_202' title='bbox 887 4258 1064 4334; x_wconf 88' lang='lat' dir='ltr'><strong>omnibus</strong></span> <span class='ocrx_word' id='word_1_203' title='bbox 1083 4258 1123 4332; x_wconf 93' lang='lat' dir='ltr'><strong>in</strong></span> <span class='ocrx_word' id='word_1_204' title='bbox 1141 4255 1313 4333; x_wconf 83' lang='lat' dir='ltr'><strong>confesso</strong></span> <span class='ocrx_word' id='word_1_205' title='bbox 1338 4259 1405 4334; x_wconf 77' lang='lat' dir='ltr'><strong>est,</strong></span> 
     </span>
     <span class='ocr_line' id='line_1_32' title="bbox 310 4369 1406 4481; baseline 0.009 -39"><span class='ocrx_word' id='word_1_206' title='bbox 310 4369 378 4466; x_wconf 91' lang='lat' dir='ltr'><strong>q&#39;ui</strong></span> <span class='ocrx_word' id='word_1_207' title='bbox 410 4395 487 4468; x_wconf 87' lang='lat' dir='ltr'><strong>prae</strong></span> <span class='ocrx_word' id='word_1_208' title='bbox 525 4374 790 4451; x_wconf 88' lang='lat' dir='ltr'><strong>ardentissimo</strong></span> <span class='ocrx_word' id='word_1_209' title='bbox 823 4381 974 4456; x_wconf 88' lang='lat' dir='ltr'><strong>Graecas</strong></span> <span class='ocrx_word' id='word_1_210' title='bbox 1006 4383 1133 4457; x_wconf 85' lang='lat' dir='ltr'><strong>literas</strong></span> <span class='ocrx_word' id='word_1_211' title='bbox 1162 4371 1406 4481; x_wconf 83' lang='lat' dir='ltr'><strong>promovendi</strong></span> 
     </span>
     <span class='ocr_line' id='line_1_33' title="bbox 311 4494 1408 4582; baseline 0.011 -17"><span class='ocrx_word' id='word_1_212' title='bbox 311 4494 439 4569; x_wconf 88' lang='lat' dir='ltr'><strong>studio</strong></span> <span class='ocrx_word' id='word_1_213' title='bbox 468 4496 636 4572; x_wconf 89' lang='lat' dir='ltr'><strong>Platonis</strong></span> <span class='ocrx_word' id='word_1_214' title='bbox 654 4499 837 4578; x_wconf 89' lang='lat' dir='ltr'><strong>Codicem</strong></span> <span class='ocrx_word' id='word_1_215' title='bbox 855 4505 1282 4582; x_wconf 85' lang='lat' dir='ltr'><strong>Clarkio-Bodleianum</strong></span> <span class='ocrx_word' id='word_1_216' title='bbox 1306 4521 1408 4578; x_wconf 84' lang='lat' dir='ltr'><strong>exac-</strong></span> 
     </span>
    </p>
   </div>
   <div class='ocr_carea' id='block_1_3' title="bbox 309 4617 1406 4803">
    <p class='ocr_par' dir='ltr' id='par_1_3' title="bbox 309 4617 1406 4803">
     <span class='ocr_line' id='line_1_34' title="bbox 309 4617 1406 4730; baseline 0.02 -42"><span class='ocrx_word' id='word_1_217' title='bbox 309 4617 455 4694; x_wconf 88' lang='lat' dir='ltr'><strong>tissime</strong></span> <span class='ocrx_word' id='word_1_218' title='bbox 469 4621 644 4712; x_wconf 90' lang='lat' dir='ltr'><strong>contulit,</strong></span> <span class='ocrx_word' id='word_1_219' title='bbox 663 4633 702 4701; x_wconf 88' lang='lat' dir='ltr'><strong>et</strong></span> <span class='ocrx_word' id='word_1_220' title='bbox 716 4628 844 4704; x_wconf 88' lang='lat' dir='ltr'><strong>omnia</strong></span> <span class='ocrx_word' id='word_1_221' title='bbox 855 4627 969 4706; x_wconf 85' lang='lat' dir='ltr'><strong>etiarn</strong></span> <span class='ocrx_word' id='word_1_222' title='bbox 983 4631 1239 4709; x_wconf 86' lang='lat' dir='ltr'><strong>minutissima</strong></span> <span class='ocrx_word' id='word_1_223' title='bbox 1251 4643 1406 4730; x_wconf 73' lang='lat' dir='ltr'><strong>quaeque</strong></span> 
     </span>
     <span class='ocr_line' id='line_1_35' title="bbox 815 4733 861 4803; baseline 0 0"><span class='ocrx_word' id='word_1_224' title='bbox 815 4733 861 4803; x_wconf 94' lang='grc'><strong>10</strong></span> 
     </span>
    </p>
   </div>
   <div class='ocr_carea' id='block_1_4' title="bbox 0 0 1520 4958">
    <p class='ocr_par' dir='ltr' id='par_1_4' title="bbox 0 0 1520 4958">
     <span class='ocr_line' id='line_1_36' title="bbox 0 0 1520 4958; baseline 0 6"><span class='ocrx_word' id='word_1_225' title='bbox 0 0 1520 4958; x_wconf 95' lang='lat' dir='ltr'><strong> </strong></span> 
     </span>
    </p>
   </div>
  </div>
 </body>
</html>
