3102 4936
758 361 831 430 244

128 583 216 634 sm,
240 553 355 622 bantur,
398 545 481 612 'baud
516 550 682 610 mirandum
721 559 765 608 est
816 549 895 608 sibus
916 545 993 606 haud
1013 543 1105 622 aequis
1130 541 1209 620 sequi
1229 541 1350 602 studeo.

153 649 196 696 lv.
240 632 444 708 grammaticos
469 630 682 690 Alexandrinos
706 643 765 690 tam
816 627 864 688 Ne
889 628 927 687 ab
951 647 982 685 re
1006 624 1139 684 omission
1158 623 1245 700 paulo
1274 623 1343 690 sim,

129 753 228 770 ....-
241 729 343 788 parum
356 711 472 770 luminis
486 723 537 769 aut
551 711 661 769 fructus
675 730 691 767 e
705 709 765 767 suis
816 705 957 767 vocabula
971 705 1105 782 quaedam
1120 725 1137 762 a
1156 703 1193 761 lt.
1205 703 1245 760 D.
1269 723 1348 779 prae·

243 791 390 849 codicibus
404 791 554 859 liausiss03
572 810 637 849 cum
652 791 766 858 scribae,
817 787 910 855 terita,
933 786 1007 844 infra
1031 784 1147 852 addidi3
1176 783 1213 840 ad
1237 782 1348 840 calcem

242 869 767 948 quieaerhapsndorumrecitationi·
817 875 866 926 τοῦ
884 863 977 932 Ράναξ
1007 863 1090 942 plura
1112 864 1293 940 interposuit
1316 871 1349 918 et

243 951 298 1008 bus
322 963 503 1027 exceperant,
535 950 577 1008 rei
599 949 768 1025 antiquariae
817 953 855 1024 τῷ
872 944 959 1014 Feror
979 945 1066 1024 hujus
1081 943 1195 1021 generis
1208 941 1348 1016 reliquias

243 1049 347 1121 parum
365 1029 497 1122 studiosi,
519 1049 571 1088 sua
584 1029 707 1121 quisque
724 1029 768 1104 ip·
819 1025 939 1104 subjeci.

244 1127 314 1246 ttt’
335 1123 467 1247 illidi
481 1129 538 1247 ‘ll
551 1110 767 1264 ‘lilissbltl'l
917 1157 1249 1273 murmurum.

244 1268 338 1345 gentis
361 1268 558 1345 cujuscunque
581 1268 692 1335 suisset,
720 1267 769 1324 Pi·
823 1264 1031 1330 Vocabulorum,
1053 1283 1082 1319 sn
1095 1261 1191 1340 quibus
1204 1259 1351 1338 dagummu

245 1347 352 1410 sistrati
372 1361 467 1419 atate,
481 1348 637 1426 plurimum
656 1347 694 1406 ab
705 1346 770 1405 Ho-
818 1345 978 1404 enunciata-c
1017 1341 1143 1400 uidentur
1186 1339 1348 1406 Homerus,

245 1427 353 1486 merico
366 1447 497 1488 sermone
510 1429 689 1488 immutatam
707 1443 774 1486 esse·
820 1423 978 1492 Hesiodus,
992 1435 1021 1480 et
1031 1421 1185 1490 Pindarus,
1197 1420 1229 1478 ἐν
1241 1422 1351 1488 Αἰολη-

245 1520 374 1584 oportet;
396 1508 437 1566 ita
460 1523 499 1577 ut,
521 1528 556 1566 ne
570 1507 770 1584 antiquissimo
819 1501 859 1563 ΐδι
872 1508 970 1582 μολπᾷ
985 1501 1068 1570 ἑκὼν,
1081 1501 1210 1560 recensio.

246 1587 363 1663 quidem
385 1585 574 1646 Bibliothecae
602 1586 770 1664 exemplari,
982 1579 1192 1640 ΑΡΑΣΑΜΗΝ

244 1667 424 1742 grammatici
445 1667 487 1725 illi
506 1665 650 1744 digamma
671 1667 771 1723 inven-
821 1664 859 1724 R.
869 1663 909 1722 D.
930 1663 1005 1721 iusta
1020 1682 1049 1738 p.
1068 1667 1134 1718 181.

248 1747 304 1804 turi
322 1759 436 1815 esseut3
464 1766 557 1823 neque
589 1745 614 1802 si
641 1745 715 1804 forte
743 1745 772 1803 in
1023 1739 1151 1798 AFATH

248 1821 361 1900 Argivo
380 1823 426 1882 vel
445 1823 578 1884 Cretensi
591 1823 772 1894 occurrisset,
821 1823 861 1881 R.
873 1823 915 1882 D.
936 1844 965 1903 p.
980 1827 1048 1881 182.

247 1921 302 1980 pro
316 1902 372 1962 alio
393 1923 479 1980 quam
497 1903 612 1962 dialecti
636 1903 772 1962 semibar·
983 1899 1181 1960 AFBPOMOI

247 1983 326 2042 barae
354 1982 437 2060 signo
470 1983 594 2052 exoleto,
628 2005 646 2042 a
678 1995 773 2060 poetae
822 1981 860 2038 R.
876 1979 918 2038 D.
939 2003 967 2060 p.
982 1986 1049 2041 184.

248 2063 408 2121 cultissimo
421 2082 552 2122 sermone
570 2083 689 2141 prorsus
711 2063 772 2121 abi·
1020 2059 1144 2118 FAI'AN

248 2140 354 2218 gendo,
378 2141 501 2202 habituri
517 2156 623 2202 essent.
666 2139 691 2200 E
706 2143 771 2201 bre·
824 2139 944 2198 Pindari
958 2137 1044 2217 Pyth.
1059 2159 1093 2212 ιι,
1108 2143 1257 2198 151=ta
1275 2141 1353 2198 πάν·

249 2221 335 2279 vibus
358 2221 458 2292 titulis,
479 2223 508 2281 in
522 2221 635 2280 laminis
651 2235 681 2280 et
699 2221 773 2300 lapi·
824 2243 860 2277 ru
876 2217 976 2294 Ραγᾶν
993 2219 1157 2289 Boeclrlriut,
1179 2219 1226 2278 cui
1245 2219 1275 2276 in
1296 2220 1355 2278 hoc

249 2299 335 2359 dibus
359 2300 518 2380 insculptis,
542 2302 649 2380 linguas
670 2301 774 2360 veteris
824 2319 913 2357 censu
957 2300 1050 2359 multa
1087 2311 1205 2375 accepta
1238 2299 1351 2357 refero:

249 2379 379 2458 reliquiae
400 2382 535 2441 eruendae
554 2394 652 2448 erant;
688 2396 776 2458 atque
824 2377 972 2438 Homerus
984 2393 1014 2438 et
1025 2381 1262 2440 Ascraeuesenex
1275 2378 1352 2436 hauc

249 2460 333 2520 exiis
346 2481 446 2520 norma
459 2461 775 2539 aliquaccnstituends,
823 2478 924 2518 vocem
946 2479 1012 2519 cum
1037 2465 1077 2538 τῷ
1100 2459 1246 2537 digamma
1271 2458 1353 2516 haud

249 2559 316 2617 qua,
336 2541 550 2620 exemplaribus
569 2543 643 2602 inter
665 2563 696 2600 se
715 2541 774 2600 col·
823 2551 971 2598 sonaruut.

248 2618 326 2692 latis,
338 2635 368 2680 et
382 2623 465 2680 metri
483 2623 681 2702 analogioeque
693 2621 775 2701 justa
998 2617 1167 2678 ΡΑΓΝΥΜΙ

247 2699 358 2759 ratione
391 2701 497 2772 habita,
539 2723 556 2761 e
594 2702 774 2760 diversorum
825 2705 886 2758 ΟΔ.
902 2698 938 2767 Τ,
954 2705 1023 2758 539.
1056 2705 1132 2760 Πᾶσι
1160 2702 1217 2758 κατ’
1239 2700 1352 2774 αὐχένα

249 2778 457 2858 discrepantiis,
492 2802 581 2841 uuum
613 2801 775 2858 congruens
825 2777 902 2844 Face.
926 2785 977 2838 1Λ.
995 2784 1026 2847 Γ,
1042 2785 1110 2841 367.
1127 2781 1254 2856 χείρεσσι
1269 2775 1352 2851 Fri-yn

250 2872 280 2916 et
299 2855 449 2928 siuce'rurn,
471 2863 508 2919 ab
529 2863 663 2920 omnibns
688 2862 774 2938 rhap-
826 2864 855 2927 Z,
871 2865 919 2916 40.
943 2857 1060 2924 Focarr'
1078 2860 1110 2918 ἐν
1135 2859 1180 2927 Μ,
1198 2863 1265 2916 148.
1288 2860 1353 2934 περὶ

249 2937 387 2996 nodorum
433 2941 567 2997 sordibus
609 2955 774 3016 purgatum,
826 2937 904 3016 aplos
930 2937 1088 3012 deourou.
1131 2945 1170 3007 Ψ,
1197 2943 1265 2994 898.
1288 2941 1354 2993 Ἵπ-

250 3017 776 3096 conlicipotuisset.”KoiglstPr·r›leg.
825 3041 902 3075 πειω·
927 3017 956 3075 δέ
982 3043 1010 3076 rr
1035 3017 1111 3083 Ρᾱξε.
1140 3026 1175 3088 Α,
1199 3023 1267 3076 558.
1288 3019 1352 3093 περὶ

251 3095 396 3154 Praeclara
426 3098 549 3174 oppido:
584 3099 635 3156 scd
662 3117 776 3175 sparsas
825 3098 926 3172 ῥόπαλ’
946 3101 1033 3176 ἀμφὶς
1053 3097 1160 3174 teum.
1203 3096 1353 3174 Deprava-

251 3177 382 3234 veritatis
390 3176 555 3255 parricidas,
566 3177 646 3236 velut
655 3177 776 3255 disjecta
828 3193 885 3234 tam
908 3199 971 3236 esse
997 3179 1170 3256 scripturam
1192 3178 1266 3255 quis,
1297 3177 1352 3236 uisi

251 3255 386 3332 quaedam
408 3255 524 3315 lacerati
546 3257 666 3334 Absyrti
686 3277 775 3316 mem·
828 3254 959 3334 Hypsaes
972 3258 1084 3328 caecior,
1099 3257 1275 3336 denegaret?
1297 3254 1354 3314 Ni·

251 3339 314 3406 bra,
336 3336 529 3415 recolligendo
556 3337 693 3406 dubitans,
720 3337 776 3396 cir·
828 3335 867 3394 lril
901 3337 994 3394 habeo
1027 3339 1106 3414 quod
1134 3356 1287 3416 reponam
1321 3349 1353 3394 et

250 3427 449 3496 conspectant,
492 3417 636 3487 haesitans,
679 3415 777 3478 Multa
827 3415 914 3476 nolim
939 3417 1054 3476 citando
1082 3417 1255 3486 Hesiodum,
1268 3417 1356 3492 Ἔργ.

250 3497 370 3556 aduorso
390 3519 526 3569 reuerent,
553 3509 684 3577 tuuqruom
705 3499 777 3555 rutis
827 3501 896 3556 538.
950 3495 993 3556 Οὗ
1021 3502 1043 3558 r'
1070 3498 1116 3556 ἐπὶ
1148 3502 1224 3556 νῶτα
1251 3494 1353 3567 Ρεάγε,

251 3577 280 3633 iu
293 3577 422 3636 morcaro
437 3579 517 3647 muri,
538 3577 649 3638 Nostro
666 3577 777 3636 celetur
826 3575 942 3636 afflictis
956 3579 1099 3638 miseriam
1113 3577 1230 3637 addere.
1244 3617 1247 3622 ·
1264 3575 1355 3653 Apud

251 3655 335 3713 ratio.
377 3655 562 3735 Quapropter
594 3658 707 3736 singula
726 3677 777 3734 pe·
827 3656 941 3716 Atticos
955 3655 1284 3732 essetlriywtlrilus,
1298 3667 1353 3712 etc.

251 3733 390 3793 detentim
407 3737 573 3814 explorans,
591 3752 620 3796 et
634 3759 651 3796 e
665 3738 777 3796 ruderi·
826 3735 922 3795 “Aut
938 3736 967 3796 in
987 3739 1125 3797 aoristum
1138 3743 1159 3796 ἁ
1174 3735 1353 3794 FPANXOH

250 3815 306 3872 bus
321 3813 397 3872 haud
410 3815 552 3874 incuriose
566 3818 675 3875 rimatio
695 3817 777 3893 quasi
826 3815 997 3876 mutandum
1011 3831 1072 3889 est;
1096 3831 1147 3878 aut
1160 3837 1270 3886 versus,
1284 3813 1354 3874 ulio-

251 3893 393 3971 ignieulos
416 3893 533 3954 eliciens
555 3897 689 3972 quaedam
710 3915 777 3972 pro·
827 3897 877 3973 qui
903 3913 1064 3976 suspectus,
1090 3919 1145 3976 pro
1163 3897 1282 3958 insititio
1305 3893 1356 3952 ha·

250 3973 385 4032 habiliter
396 3971 490 4032 saltim
505 3975 664 4033 instaurare
674 3994 777 4051 aggre-
827 3973 1222 4055 bendusatqueejiciendus.”
1232 3973 1355 4053 Kttiglt,

250 4053 375 4124 diamur,
401 4055 426 4112 si
450 4063 543 4112 totum
560 4050 726 4112 aedilicium
748 4053 777 4113 in
830 4055 944 4134 Proleg.
963 4077 991 4115 v.
1015 4056 1153 4116 Fausta.
1194 4054 1308 4132 εῬάχθη
1323 4055 1355 4112 iu

250 4134 404 4212 pristinum
441 4132 530 4192 decus
563 4133 714 4193 restituere
740 4134 778 4194 sit
827 4137 956 4212 margine
978 4137 1152 4214 exemplaris
1178 4156 1196 4194 a
1220 4133 1356 4193 Dawesio

251 4215 342 4272 nefas.
384 4211 453 4272 Hoc
476 4213 542 4272 loco
565 4213 710 4290 digamma
728 4233 775 4274 sc·
827 4215 1047 4294 iuspecti;dppl
1058 4215 1170 4290 ΡὲΡαγε
1183 4212 1356 4273 (1.1.ΒὶοΜ-

250 4291 313 4351 lum
325 4307 392 4370 post
413 4294 451 4352 lt.
463 4293 499 4352 B.
515 4313 652 4354 revocare
673 4296 779 4370 satagit
818 4295 901 4371 field.
921 4295 959 4354 ad
974 4293 1082 4375 Sapph.
1105 4296 1141 4354 fr.
1155 4315 1187 4364 11,
1204 4299 1252 4362 9.;
1275 4292 1356 4370 quod

251 4371 777 4453 Denarumquemelongiuquopes·
828 4375 898 4434 mihi
918 4375 1061 4454 optimum
1082 4375 1207 4445 videtur,
1238 4385 1268 4432 et
1292 4371 1357 4432 He·
