<?xml version="1.0" encoding="UTF-8"?>
<!DOCTYPE html PUBLIC "-//W3C//DTD XHTML 1.0 Transitional//EN"
    "http://www.w3.org/TR/xhtml1/DTD/xhtml1-transitional.dtd">
<html xmlns="http://www.w3.org/1999/xhtml" xml:lang="en" lang="en">
 <head>
  <title>
</title>
<meta http-equiv="Content-Type" content="text/html;charset=utf-8" />
  <meta name='ocr-system' content='tesseract 3.04.00' />
  <meta name='ocr-capabilities' content='ocr_page ocr_carea ocr_par ocr_line ocrx_word'/>
</head>
<body>
  <div class='ocr_page' id='page_1' title='image "./ricardidawesiim01kiddgoog_0239.png"; bbox 0 0 3094 4946; ppageno 0'>
   <div class='ocr_carea' id='block_1_1' title="bbox 775 409 883 484">
    <p class='ocr_par' dir='ltr' id='par_1_1' title="bbox 775 409 883 484">
     <span class='ocr_line' id='line_1_1' title="bbox 775 409 883 484; baseline -0.019 0"><span class='ocrx_word' id='word_1_1' title='bbox 775 453 780 459; x_wconf 95' lang='lat'>-</span> <span class='ocrx_word' id='word_1_2' title='bbox 812 409 883 484; x_wconf 77' lang='lat' dir='ltr'><strong>tte</strong></span> 
     </span>
    </p>
   </div>
   <div class='ocr_carea' id='block_1_2' title="bbox 181 603 1294 895">
    <p class='ocr_par' dir='ltr' id='par_1_2' title="bbox 181 603 1294 895">
     <span class='ocr_line' id='line_1_2' title="bbox 183 603 1294 698; baseline -0.002 -20"><span class='ocrx_word' id='word_1_3' title='bbox 183 631 305 684; x_wconf 65' lang='lat' dir='ltr'><strong>mm:</strong></span> <span class='ocrx_word' id='word_1_4' title='bbox 333 609 339 620; x_wconf 79' lang='grc'><strong><em>’</em></strong></span> <span class='ocrx_word' id='word_1_5' title='bbox 370 610 512 696; x_wconf 58' lang='lat' dir='ltr'><strong>&#39;Orissa</strong></span> <span class='ocrx_word' id='word_1_6' title='bbox 528 633 562 680; x_wconf 77' lang='grc' dir='ltr'><strong>ἐι</strong></span> <span class='ocrx_word' id='word_1_7' title='bbox 575 603 601 649; x_wconf 80' lang='lat'><strong>⁷⁵</strong></span> <span class='ocrx_word' id='word_1_8' title='bbox 631 635 652 678; x_wconf 86' lang='lat' dir='ltr'><strong>tt</strong></span> <span class='ocrx_word' id='word_1_9' title='bbox 668 605 836 698; x_wconf 65' lang='grc' dir='ltr'>εθελῃαθα,</span> <span class='ocrx_word' id='word_1_10' title='bbox 854 633 907 676; x_wconf 79' lang='grc' dir='ltr'><strong>και</strong></span> <span class='ocrx_word' id='word_1_11' title='bbox 923 633 949 674; x_wconf 77' lang='lat' dir='ltr'><strong>m</strong></span> <span class='ocrx_word' id='word_1_12' title='bbox 965 632 1019 674; x_wconf 81' lang='grc' dir='ltr'><strong>κεν</strong></span> <span class='ocrx_word' id='word_1_13' title='bbox 1036 631 1087 678; x_wconf 82' lang='lat' dir='ltr'><strong>rot</strong></span> <span class='ocrx_word' id='word_1_14' title='bbox 1102 609 1143 676; x_wconf 71' lang='lat' dir='ltr'><strong>ru</strong></span> <span class='ocrx_word' id='word_1_15' title='bbox 1158 608 1294 695; x_wconf 77' lang='lat' dir='ltr'><strong>prprhr,</strong></span> 
     </span>
     <span class='ocr_line' id='line_1_3' title="bbox 181 698 1236 876; baseline -0.003 -97"><span class='ocrx_word' id='word_1_16' title='bbox 181 698 282 820; x_wconf 49' lang='lat' dir='ltr'><strong>E-</strong></span> <span class='ocrx_word' id='word_1_17' title='bbox 294 751 302 758; x_wconf 94' lang='lat'>·</span> <span class='ocrx_word' id='word_1_18' title='bbox 389 710 473 876; x_wconf 46' lang='lat' dir='ltr'>{qu&#39;I</span> <span class='ocrx_word' id='word_1_19' title='bbox 489 709 557 789; x_wconf 78' lang='grc' dir='ltr'><strong>μαλ</strong></span> <span class='ocrx_word' id='word_1_20' title='bbox 576 707 816 786; x_wconf 81' lang='grc' dir='ltr'>Ελλησποντον</span> <span class='ocrx_word' id='word_1_21' title='bbox 832 734 871 774; x_wconf 86' lang='grc' dir='ltr'><strong>επ</strong></span> <span class='ocrx_word' id='word_1_22' title='bbox 888 701 1055 800; x_wconf 78' lang='grc' dir='ltr'><strong>ιχθῦὄεντὰ</strong></span> <span class='ocrx_word' id='word_1_23' title='bbox 1074 703 1236 783; x_wconf 66' lang='lat' dir='ltr'><strong>theodone</strong></span> 
     </span>
     <span class='ocr_line' id='line_1_4' title="bbox 296 835 627 895; baseline 0 -9"><span class='ocrx_word' id='word_1_24' title='bbox 296 869 301 876; x_wconf 90' lang='lat'><em>·</em></span> <span class='ocrx_word' id='word_1_25' title='bbox 426 837 485 886; x_wconf 55' lang='lat' dir='ltr'><strong>&#39;ifle</strong></span> <span class='ocrx_word' id='word_1_26' title='bbox 501 835 627 895; x_wconf 60' lang='grc' dir='ltr'>ἔμαθ-</span> 
     </span>
    </p>
   </div>
   <div class='ocr_carea' id='block_1_3' title="bbox 252 925 1397 1322">
    <p class='ocr_par' dir='ltr' id='par_1_3' title="bbox 252 925 1397 1120">
     <span class='ocr_line' id='line_1_5' title="bbox 292 925 1397 1024; baseline -0.003 -24"><span class='ocrx_word' id='word_1_27' title='bbox 292 927 420 1001; x_wconf 83' lang='lat' dir='ltr'><strong>Palam</strong></span> <span class='ocrx_word' id='word_1_28' title='bbox 437 935 495 1002; x_wconf 90' lang='lat' dir='ltr'><strong>est</strong></span> <span class='ocrx_word' id='word_1_29' title='bbox 512 947 627 1024; x_wconf 86' lang='lat' dir='ltr'><strong>quam</strong></span> <span class='ocrx_word' id='word_1_30' title='bbox 643 925 753 1000; x_wconf 86' lang='lat' dir='ltr'><strong>facile</strong></span> <span class='ocrx_word' id='word_1_31' title='bbox 769 925 851 999; x_wconf 88' lang='lat' dir='ltr'><strong>fieri</strong></span> <span class='ocrx_word' id='word_1_32' title='bbox 867 925 1037 1024; x_wconf 87' lang='lat' dir='ltr'><strong>potuerit</strong></span> <span class='ocrx_word' id='word_1_33' title='bbox 1053 938 1097 1000; x_wconf 91' lang='lat' dir='ltr'><strong>ut</strong></span> <span class='ocrx_word' id='word_1_34' title='bbox 1113 925 1235 1000; x_wconf 84' lang='lat' dir='ltr'><strong>literae</strong></span> <span class='ocrx_word' id='word_1_35' title='bbox 1256 959 1279 1022; x_wconf 83' lang='grc' dir='ltr'>ρ</span> <span class='ocrx_word' id='word_1_36' title='bbox 1307 945 1397 1022; x_wconf 89' lang='lat' dir='ltr'><strong>pars</strong></span> 
     </span>
     <span class='ocr_line' id='line_1_6' title="bbox 252 1025 1397 1120; baseline -0.003 -21"><span class='ocrx_word' id='word_1_37' title='bbox 252 1035 257 1044; x_wconf 74' lang='grc'><strong>“</strong></span> <span class='ocrx_word' id='word_1_38' title='bbox 290 1026 445 1100; x_wconf 88' lang='lat' dir='ltr'><strong>inferior</strong></span> <span class='ocrx_word' id='word_1_39' title='bbox 470 1049 519 1100; x_wconf 87' lang='lat' dir='ltr'><strong>ex</strong></span> <span class='ocrx_word' id='word_1_40' title='bbox 545 1026 755 1100; x_wconf 88' lang='lat' dir='ltr'><strong>vetustiore</strong></span> <span class='ocrx_word' id='word_1_41' title='bbox 781 1025 908 1120; x_wconf 89' lang='lat' dir='ltr'><strong>aliquo</strong></span> <span class='ocrx_word' id='word_1_42' title='bbox 926 1025 1057 1098; x_wconf 87' lang='lat' dir='ltr'><strong>codice</strong></span> <span class='ocrx_word' id='word_1_43' title='bbox 1074 1048 1181 1099; x_wconf 89' lang='lat' dir='ltr'><strong>erasa</strong></span> <span class='ocrx_word' id='word_1_44' title='bbox 1195 1025 1324 1112; x_wconf 85' lang='lat' dir='ltr'><strong>fuerit,</strong></span> <span class='ocrx_word' id='word_1_45' title='bbox 1340 1032 1397 1097; x_wconf 83' lang='lat' dir='ltr'><strong>at-</strong></span> 
     </span>
    </p>

    <p class='ocr_par' dir='ltr' id='par_1_4' title="bbox 290 1124 1395 1223">
     <span class='ocr_line' id='line_1_7' title="bbox 290 1124 1395 1223; baseline -0.002 -23"><span class='ocrx_word' id='word_1_46' title='bbox 290 1147 367 1222; x_wconf 90' lang='lat' dir='ltr'><strong>que</strong></span> <span class='ocrx_word' id='word_1_47' title='bbox 389 1125 528 1200; x_wconf 84' lang='lat' dir='ltr'>exinde</span> <span class='ocrx_word' id='word_1_48' title='bbox 551 1147 638 1223; x_wconf 88' lang='lat' dir='ltr'><strong>pars</strong></span> <span class='ocrx_word' id='word_1_49' title='bbox 655 1125 800 1222; x_wconf 88' lang='lat' dir='ltr'><strong>reliqua</strong></span> <span class='ocrx_word' id='word_1_50' title='bbox 824 1125 900 1197; x_wconf 85' lang='lat' dir='ltr'><strong>oin</strong></span> <span class='ocrx_word' id='word_1_51' title='bbox 917 1124 1010 1198; x_wconf 88' lang='lat' dir='ltr'><strong>alios</strong></span> <span class='ocrx_word' id='word_1_52' title='bbox 1028 1135 1253 1222; x_wconf 86' lang='lat' dir='ltr'><strong>propagata,</strong></span> <span class='ocrx_word' id='word_1_53' title='bbox 1273 1125 1395 1198; x_wconf 83' lang='lat' dir='ltr'><strong>donet</strong></span> 
     </span>
    </p>

    <p class='ocr_par' dir='ltr' id='par_1_5' title="bbox 289 1224 1242 1322">
     <span class='ocr_line' id='line_1_8' title="bbox 289 1224 1242 1322; baseline 0 -24"><span class='ocrx_word' id='word_1_54' title='bbox 289 1225 444 1299; x_wconf 84' lang='lat' dir='ltr'><strong>tandem</strong></span> <span class='ocrx_word' id='word_1_55' title='bbox 460 1247 550 1299; x_wconf 89' lang='lat' dir='ltr'><strong>vera</strong></span> <span class='ocrx_word' id='word_1_56' title='bbox 566 1224 755 1322; x_wconf 85' lang='lat' dir='ltr'><strong>scriptura</strong></span> <span class='ocrx_word' id='word_1_57' title='bbox 770 1246 958 1320; x_wconf 83' lang='lat' dir='ltr'><strong>nusquam</strong></span> <span class='ocrx_word' id='word_1_58' title='bbox 975 1225 1242 1321; x_wconf 83' lang='lat' dir='ltr'><strong>comparuerit.</strong></span> 
     </span>
    </p>
   </div>
   <div class='ocr_carea' id='block_1_4' title="bbox 290 1357 1341 1562">
    <p class='ocr_par' dir='ltr' id='par_1_6' title="bbox 290 1339 1341 1568">
     <span class='ocr_line' id='line_1_9' title="bbox 290 1357 1180 1461; baseline -0.003 -25"><span class='ocrx_word' id='word_1_59' title='bbox 290 1361 345 1436; x_wconf 68' lang='lat' dir='ltr'><strong>V.</strong></span> <span class='ocrx_word' id='word_1_60' title='bbox 357 1361 419 1436; x_wconf 77' lang='grc'><strong>93.</strong></span> <span class='ocrx_word' id='word_1_61' title='bbox 437 1396 689 1436; x_wconf 80' lang='lat' dir='ltr'><strong>——rru</strong></span> <span class='ocrx_word' id='word_1_62' title='bbox 706 1363 725 1434; x_wconf 77' lang='grc'><strong>8</strong></span> <span class='ocrx_word' id='word_1_63' title='bbox 741 1363 882 1461; x_wconf 65' lang='lat' dir='ltr'><strong>epypam</strong></span> <span class='ocrx_word' id='word_1_64' title='bbox 897 1395 947 1444; x_wconf 81' lang='grc' dir='ltr'><strong>τις</strong></span> <span class='ocrx_word' id='word_1_65' title='bbox 962 1395 1016 1436; x_wconf 80' lang='grc' dir='ltr'><strong>κεν</strong></span> <span class='ocrx_word' id='word_1_66' title='bbox 1033 1357 1180 1446; x_wconf 79' lang='lat' dir='ltr'><strong>attdot⁷⁰;</strong></span> 
     </span>
     <span class='ocr_line' id='line_1_10' title="bbox 439 1457 1341 1562; baseline -0.001 -28"><span class='ocrx_word' id='word_1_67' title='bbox 439 1468 489 1535; x_wconf 87' lang='grc' dir='ltr'><strong>Ου</strong></span> <span class='ocrx_word' id='word_1_68' title='bbox 507 1495 609 1562; x_wconf 68' lang='lat' dir='ltr'><strong>perer,</strong></span> <span class='ocrx_word' id='word_1_69' title='bbox 627 1495 685 1535; x_wconf 83' lang='grc' dir='ltr'><strong>ουκ</strong></span> <span class='ocrx_word' id='word_1_70' title='bbox 703 1484 802 1535; x_wconf 81' lang='grc' dir='ltr'>εσται·</span> <span class='ocrx_word' id='word_1_71' title='bbox 822 1496 871 1544; x_wconf 75' lang='grc' dir='ltr'><strong>τις</strong></span> <span class='ocrx_word' id='word_1_72' title='bbox 890 1492 944 1534; x_wconf 85' lang='grc' dir='ltr'><strong>κεν</strong></span> <span class='ocrx_word' id='word_1_73' title='bbox 962 1469 1045 1543; x_wconf 84' lang='grc' dir='ltr'><strong>Διος</strong></span> <span class='ocrx_word' id='word_1_74' title='bbox 1061 1457 1185 1560; x_wconf 59' lang='lat' dir='ltr'><strong>rpypor&#39;</strong></span> <span class='ocrx_word' id='word_1_75' title='bbox 1203 1493 1295 1533; x_wconf 83' lang='grc' dir='ltr'>αεισει</span> <span class='ocrx_word' id='word_1_76' title='bbox 1306 1458 1341 1551; x_wconf 84' lang='grc'><strong>;]</strong></span> 
     </span>
    </p>
   </div>
   <div class='ocr_carea' id='block_1_5' title="bbox 190 1587 1393 3368">
    <p class='ocr_par' dir='ltr' id='par_1_7' title="bbox 288 1587 1393 1695">
     <span class='ocr_line' id='line_1_11' title="bbox 288 1587 1393 1695; baseline -0.003 -23"><span class='ocrx_word' id='word_1_77' title='bbox 288 1595 402 1684; x_wconf 85' lang='lat' dir='ltr'><strong>Hunc</strong></span> <span class='ocrx_word' id='word_1_78' title='bbox 427 1599 556 1672; x_wconf 90' lang='lat' dir='ltr'><strong>locum</strong></span> <span class='ocrx_word' id='word_1_79' title='bbox 572 1597 758 1677; x_wconf 86' lang='lat' dir='ltr'><strong>intactum</strong></span> <span class='ocrx_word' id='word_1_80' title='bbox 780 1597 968 1694; x_wconf 85' lang='lat' dir='ltr'><strong>reliquere</strong></span> <span class='ocrx_word' id='word_1_81' title='bbox 985 1620 1115 1671; x_wconf 90' lang='lat' dir='ltr'><strong>omnes</strong></span> <span class='ocrx_word' id='word_1_82' title='bbox 1144 1597 1251 1695; x_wconf 91' lang='lat' dir='ltr'><strong>quod</strong></span> <span class='ocrx_word' id='word_1_83' title='bbox 1275 1587 1393 1669; x_wconf 87' lang='lat' dir='ltr'><strong>sciam</strong></span> 
     </span>
    </p>

    <p class='ocr_par' dir='ltr' id='par_1_8' title="bbox 190 1695 1393 3368">
     <span class='ocr_line' id='line_1_12' title="bbox 286 1695 1391 1795; baseline -0.002 -23"><span class='ocrx_word' id='word_1_84' title='bbox 286 1710 424 1794; x_wconf 71' lang='lat' dir='ltr'><strong>prater</strong></span> <span class='ocrx_word' id='word_1_85' title='bbox 454 1698 506 1774; x_wconf 90' lang='lat' dir='ltr'><strong>H.</strong></span> <span class='ocrx_word' id='word_1_86' title='bbox 539 1697 784 1795; x_wconf 81' lang='lat' dir='ltr'><strong>Stephanum.</strong></span> <span class='ocrx_word' id='word_1_87' title='bbox 851 1697 889 1770; x_wconf 89' lang='lat' dir='ltr'><strong>ls</strong></span> <span class='ocrx_word' id='word_1_88' title='bbox 918 1705 1048 1772; x_wconf 90' lang='lat' dir='ltr'><strong>autem</strong></span> <span class='ocrx_word' id='word_1_89' title='bbox 1075 1696 1150 1771; x_wconf 88' lang='lat' dir='ltr'><strong>ista</strong></span> <span class='ocrx_word' id='word_1_90' title='bbox 1183 1695 1391 1772; x_wconf 79' lang='lat' dir='ltr'><strong>adnotavit.</strong></span> 
     </span>
     <span class='ocr_line' id='line_1_13' title="bbox 190 1794 1393 1894; baseline 0 -26"><span class='ocrx_word' id='word_1_91' title='bbox 190 1801 262 1872; x_wconf 84' lang='lat'><strong>103</strong></span> <span class='ocrx_word' id='word_1_92' title='bbox 286 1805 310 1840; x_wconf 86' lang='lat'>“</span> <span class='ocrx_word' id='word_1_93' title='bbox 328 1798 350 1845; x_wconf 71' lang='lat'><strong>&#39;⁸&#39;</strong></span> <span class='ocrx_word' id='word_1_94' title='bbox 371 1797 562 1872; x_wconf 87' lang='lat' dir='ltr'><strong>Credibile</strong></span> <span class='ocrx_word' id='word_1_95' title='bbox 584 1806 643 1870; x_wconf 89' lang='lat' dir='ltr'><strong>cst</strong></span> <span class='ocrx_word' id='word_1_96' title='bbox 663 1796 936 1871; x_wconf 80' lang='lat' dir='ltr'><strong>Callimachum</strong></span> <span class='ocrx_word' id='word_1_97' title='bbox 953 1795 1148 1894; x_wconf 81' lang='lat' dir='ltr'><strong>scripsisse</strong></span> <span class='ocrx_word' id='word_1_98' title='bbox 1163 1799 1271 1883; x_wconf 77' lang='grc' dir='ltr'><strong><em>αειδοι,</em></strong></span> <span class='ocrx_word' id='word_1_99' title='bbox 1292 1794 1393 1870; x_wconf 88' lang='lat' dir='ltr'><strong>sicut</strong></span> 
     </span>
     <span class='ocr_line' id='line_1_14' title="bbox 288 1894 1392 1993; baseline 0.002 -25"><span class='ocrx_word' id='word_1_100' title='bbox 288 1899 313 1936; x_wconf 81' lang='lat'><strong>⁴¹</strong></span> <span class='ocrx_word' id='word_1_101' title='bbox 328 1894 369 1968; x_wconf 92' lang='lat' dir='ltr'><strong>in</strong></span> <span class='ocrx_word' id='word_1_102' title='bbox 429 1894 575 1969; x_wconf 85' lang='lat' dir='ltr'><strong>mxime</strong></span> <span class='ocrx_word' id='word_1_103' title='bbox 603 1896 840 1993; x_wconf 76' lang='lat' dir='ltr'><strong>precedente</strong></span> <span class='ocrx_word' id='word_1_104' title='bbox 868 1917 991 1970; x_wconf 83' lang='lat' dir='ltr'><strong>versu.</strong></span> <span class='ocrx_word' id='word_1_105' title='bbox 1045 1895 1258 1970; x_wconf 88' lang='lat' dir='ltr'><strong>Indioativo</strong></span> <span class='ocrx_word' id='word_1_106' title='bbox 1289 1902 1392 1970; x_wconf 87' lang='lat' dir='ltr'><strong>certe</strong></span> 
     </span>
     <span class='ocr_line' id='line_1_15' title="bbox 274 1919 1392 2094; baseline -0.001 -25"><span class='ocrx_word' id='word_1_107' title='bbox 274 2002 310 2094; x_wconf 84' lang='lat'><strong>.‘.‘</strong></span> <span class='ocrx_word' id='word_1_108' title='bbox 325 1919 440 2070; x_wconf 61' lang='lat' dir='ltr'><strong>modlh</strong></span> <span class='ocrx_word' id='word_1_109' title='bbox 457 2019 532 2070; x_wconf 89' lang='lat' dir='ltr'><strong>non</strong></span> <span class='ocrx_word' id='word_1_110' title='bbox 556 1995 646 2068; x_wconf 88' lang='lat' dir='ltr'><strong>satis</strong></span> <span class='ocrx_word' id='word_1_111' title='bbox 665 2004 754 2093; x_wconf 90' lang='lat' dir='ltr'><strong>apte</strong></span> <span class='ocrx_word' id='word_1_112' title='bbox 774 1995 952 2094; x_wconf 87' lang='lat' dir='ltr'><strong>jungitur</strong></span> <span class='ocrx_word' id='word_1_113' title='bbox 974 1994 1161 2093; x_wconf 85' lang='lat' dir='ltr'><strong>particula</strong></span> <span class='ocrx_word' id='word_1_114' title='bbox 1180 2022 1258 2083; x_wconf 76' lang='grc' dir='ltr'><strong>κεν;</strong></span> <span class='ocrx_word' id='word_1_115' title='bbox 1288 1993 1392 2068; x_wconf 90' lang='lat' dir='ltr'><strong>ideo·</strong></span> 
     </span>
     <span class='ocr_line' id='line_1_16' title="bbox 284 2092 1392 2190; baseline -0.004 -18"><span class='ocrx_word' id='word_1_116' title='bbox 284 2103 309 2137; x_wconf 88' lang='lat'><strong>“</strong></span> <span class='ocrx_word' id='word_1_117' title='bbox 323 2104 483 2190; x_wconf 65' lang='lat' dir='ltr'><strong>queant</strong></span> <span class='ocrx_word' id='word_1_118' title='bbox 500 2094 593 2167; x_wconf 82' lang='lat' dir='ltr'><strong>iliud</strong></span> <span class='ocrx_word' id='word_1_119' title='bbox 611 2095 707 2168; x_wconf 72' lang='lat' dir='ltr'><strong>ardor</strong></span> <span class='ocrx_word' id='word_1_120' title='bbox 724 2104 791 2171; x_wconf 73' lang='lat' dir='ltr'><strong>aui</strong></span> <span class='ocrx_word' id='word_1_121' title='bbox 808 2104 912 2170; x_wconf 69' lang='lat' dir='ltr'><strong>cette</strong></span> <span class='ocrx_word' id='word_1_122' title='bbox 928 2127 1017 2190; x_wconf 79' lang='lat' dir='ltr'><strong>ottop</strong></span> <span class='ocrx_word' id='word_1_123' title='bbox 1035 2094 1172 2172; x_wconf 75' lang='lat' dir='ltr'><strong>malim.</strong></span> <span class='ocrx_word' id='word_1_124' title='bbox 1223 2092 1277 2170; x_wconf 70' lang='lat' dir='ltr'><strong>At</strong></span> <span class='ocrx_word' id='word_1_125' title='bbox 1293 2127 1392 2168; x_wconf 82' lang='grc' dir='ltr'>αεισοι</span> 
     </span>
     <span class='ocr_line' id='line_1_17' title="bbox 284 2194 1390 2292; baseline -0.002 -24"><span class='ocrx_word' id='word_1_126' title='bbox 284 2202 308 2236; x_wconf 85' lang='grc'><strong>“</strong></span> <span class='ocrx_word' id='word_1_127' title='bbox 325 2195 445 2292; x_wconf 91' lang='lat' dir='ltr'><strong>(quod</strong></span> <span class='ocrx_word' id='word_1_128' title='bbox 473 2202 602 2268; x_wconf 86' lang='lat' dir='ltr'><strong>tamen</strong></span> <span class='ocrx_word' id='word_1_129' title='bbox 632 2194 768 2290; x_wconf 82' lang='lat' dir='ltr'><strong>aliquia</strong></span> <span class='ocrx_word' id='word_1_130' title='bbox 798 2194 959 2269; x_wconf 83' lang='lat' dir='ltr'><strong>fortasse</strong></span> <span class='ocrx_word' id='word_1_131' title='bbox 988 2194 1227 2268; x_wconf 87' lang='lat' dir='ltr'><strong>scribendum</strong></span> <span class='ocrx_word' id='word_1_132' title='bbox 1259 2195 1390 2291; x_wconf 85' lang='lat' dir='ltr'><strong>putet)</strong></span> 
     </span>
     <span class='ocr_line' id='line_1_18' title="bbox 284 2293 1389 2392; baseline -0.004 -24"><span class='ocrx_word' id='word_1_133' title='bbox 284 2300 309 2338; x_wconf 79' lang='lat'><strong>‘⁴</strong></span> <span class='ocrx_word' id='word_1_134' title='bbox 324 2317 460 2392; x_wconf 87' lang='lat' dir='ltr'><strong>parum</strong></span> <span class='ocrx_word' id='word_1_135' title='bbox 484 2293 578 2366; x_wconf 93' lang='lat' dir='ltr'><strong>mihi</strong></span> <span class='ocrx_word' id='word_1_136' title='bbox 603 2293 824 2391; x_wconf 89' lang='lat' dir='ltr'><strong>placuerit.”</strong></span> <span class='ocrx_word' id='word_1_137' title='bbox 875 2293 963 2367; x_wconf 88' lang='lat' dir='ltr'><strong>Sive</strong></span> <span class='ocrx_word' id='word_1_138' title='bbox 980 2327 1029 2376; x_wconf 75' lang='grc' dir='ltr'><strong>τις</strong></span> <span class='ocrx_word' id='word_1_139' title='bbox 1052 2326 1107 2366; x_wconf 79' lang='grc' dir='ltr'><strong>κεν</strong></span> <span class='ocrx_word' id='word_1_140' title='bbox 1130 2328 1232 2383; x_wconf 66' lang='lat' dir='ltr'><strong>astra,</strong></span> <span class='ocrx_word' id='word_1_141' title='bbox 1253 2315 1320 2366; x_wconf 88' lang='lat' dir='ltr'><strong>seu</strong></span> <span class='ocrx_word' id='word_1_142' title='bbox 1338 2324 1389 2373; x_wconf 75' lang='grc' dir='ltr'><strong>τις</strong></span> 
     </span>
     <span class='ocr_line' id='line_1_19' title="bbox 285 2391 1388 2490; baseline 0 -24"><span class='ocrx_word' id='word_1_143' title='bbox 285 2425 339 2480; x_wconf 72' lang='lat' dir='ltr'><strong>tter</strong></span> <span class='ocrx_word' id='word_1_144' title='bbox 368 2419 481 2490; x_wconf 76' lang='lat' dir='ltr'><strong>ottop3</strong></span> <span class='ocrx_word' id='word_1_145' title='bbox 513 2415 581 2468; x_wconf 80' lang='lat' dir='ltr'><strong>seu</strong></span> <span class='ocrx_word' id='word_1_146' title='bbox 598 2393 763 2489; x_wconf 82' lang='lat' dir='ltr'><strong>denique</strong></span> <span class='ocrx_word' id='word_1_147' title='bbox 780 2427 829 2476; x_wconf 84' lang='grc' dir='ltr'><strong>τις</strong></span> <span class='ocrx_word' id='word_1_148' title='bbox 859 2427 915 2466; x_wconf 84' lang='grc' dir='ltr'><strong>κεν</strong></span> <span class='ocrx_word' id='word_1_149' title='bbox 945 2427 1043 2466; x_wconf 82' lang='grc' dir='ltr'>αεισοι</span> <span class='ocrx_word' id='word_1_150' title='bbox 1059 2393 1222 2490; x_wconf 81' lang='lat' dir='ltr'><strong>legeris:</strong></span> <span class='ocrx_word' id='word_1_151' title='bbox 1248 2391 1388 2466; x_wconf 76' lang='lat' dir='ltr'><strong>oratio·</strong></span> 
     </span>
     <span class='ocr_line' id='line_1_20' title="bbox 283 2491 1390 2591; baseline -0.005 -19"><span class='ocrx_word' id='word_1_152' title='bbox 283 2517 372 2572; x_wconf 85' lang='lat' dir='ltr'><strong>nem</strong></span> <span class='ocrx_word' id='word_1_153' title='bbox 388 2493 563 2572; x_wconf 86' lang='lat' dir='ltr'><strong>soloecam</strong></span> <span class='ocrx_word' id='word_1_154' title='bbox 580 2491 830 2591; x_wconf 87' lang='lat' dir='ltr'><strong>amplecteris.</strong></span> <span class='ocrx_word' id='word_1_155' title='bbox 884 2491 1048 2569; x_wconf 88' lang='lat' dir='ltr'><strong>Primam</strong></span> <span class='ocrx_word' id='word_1_156' title='bbox 1071 2491 1252 2589; x_wconf 92' lang='lat' dir='ltr'><strong>loquendi</strong></span> <span class='ocrx_word' id='word_1_157' title='bbox 1275 2491 1390 2566; x_wconf 82' lang='lat' dir='ltr'><strong>ratio-</strong></span> 
     </span>
     <span class='ocr_line' id='line_1_21' title="bbox 281 2591 1387 2669; baseline -0.003 0"><span class='ocrx_word' id='word_1_158' title='bbox 281 2617 368 2669; x_wconf 86' lang='lat' dir='ltr'><strong>nem</strong></span> <span class='ocrx_word' id='word_1_159' title='bbox 390 2594 568 2668; x_wconf 82' lang='lat' dir='ltr'><strong>observat</strong></span> <span class='ocrx_word' id='word_1_160' title='bbox 592 2593 652 2667; x_wconf 91' lang='lat' dir='ltr'><strong>vir</strong></span> <span class='ocrx_word' id='word_1_161' title='bbox 677 2592 829 2668; x_wconf 87' lang='lat' dir='ltr'><strong>doctiss.</strong></span> <span class='ocrx_word' id='word_1_162' title='bbox 847 2591 921 2668; x_wconf 91' lang='lat' dir='ltr'><strong>hoc</strong></span> <span class='ocrx_word' id='word_1_163' title='bbox 939 2593 1091 2666; x_wconf 90' lang='lat' dir='ltr'><strong>nomine</strong></span> <span class='ocrx_word' id='word_1_164' title='bbox 1107 2592 1286 2666; x_wconf 87' lang='lat' dir='ltr'><strong>vitiosam</strong></span> <span class='ocrx_word' id='word_1_165' title='bbox 1302 2613 1387 2666; x_wconf 88' lang='lat' dir='ltr'><strong>esse</strong></span> 
     </span>
     <span class='ocr_line' id='line_1_22' title="bbox 281 2691 1387 2795; baseline 0 -26"><span class='ocrx_word' id='word_1_166' title='bbox 281 2695 385 2795; x_wconf 92' lang='lat' dir='ltr'><strong>quod</strong></span> <span class='ocrx_word' id='word_1_167' title='bbox 418 2693 532 2768; x_wconf 94' lang='lat' dir='ltr'><strong>modo</strong></span> <span class='ocrx_word' id='word_1_168' title='bbox 562 2693 768 2768; x_wconf 86' lang='lat' dir='ltr'><strong>indicativo</strong></span> <span class='ocrx_word' id='word_1_169' title='bbox 798 2691 986 2790; x_wconf 86' lang='lat' dir='ltr'><strong>jungatur</strong></span> <span class='ocrx_word' id='word_1_170' title='bbox 1020 2692 1157 2767; x_wconf 88' lang='lat' dir='ltr'><strong>vocula</strong></span> <span class='ocrx_word' id='word_1_171' title='bbox 1192 2724 1258 2765; x_wconf 76' lang='grc' dir='ltr'><strong>κεν.</strong></span> <span class='ocrx_word' id='word_1_172' title='bbox 1311 2691 1387 2769; x_wconf 89' lang='lat' dir='ltr'><strong>Sed</strong></span> 
     </span>
     <span class='ocr_line' id='line_1_23' title="bbox 280 2791 1384 2890; baseline -0.005 -22"><span class='ocrx_word' id='word_1_173' title='bbox 280 2795 406 2868; x_wconf 89' lang='lat' dir='ltr'><strong>minus</strong></span> <span class='ocrx_word' id='word_1_174' title='bbox 429 2802 627 2868; x_wconf 86' lang='lat' dir='ltr'><strong>accurate:</strong></span> <span class='ocrx_word' id='word_1_175' title='bbox 655 2817 779 2890; x_wconf 90' lang='lat' dir='ltr'><strong>neque</strong></span> <span class='ocrx_word' id='word_1_176' title='bbox 803 2793 903 2866; x_wconf 88' lang='lat' dir='ltr'><strong>enim</strong></span> <span class='ocrx_word' id='word_1_177' title='bbox 920 2791 1059 2866; x_wconf 85' lang='lat' dir='ltr'><strong>vitium</strong></span> <span class='ocrx_word' id='word_1_178' title='bbox 1075 2791 1115 2865; x_wconf 92' lang='lat' dir='ltr'><strong>in</strong></span> <span class='ocrx_word' id='word_1_179' title='bbox 1132 2815 1179 2866; x_wconf 92' lang='lat' dir='ltr'><strong>eo</strong></span> <span class='ocrx_word' id='word_1_180' title='bbox 1196 2799 1384 2878; x_wconf 86' lang='lat' dir='ltr'><strong>versatur,</strong></span> 
     </span>
     <span class='ocr_line' id='line_1_24' title="bbox 280 2889 1386 2989; baseline -0.002 -23"><span class='ocrx_word' id='word_1_181' title='bbox 280 2893 383 2989; x_wconf 87' lang='lat' dir='ltr'><strong>quod</strong></span> <span class='ocrx_word' id='word_1_182' title='bbox 408 2893 545 2968; x_wconf 88' lang='lat' dir='ltr'><strong>vocula</strong></span> <span class='ocrx_word' id='word_1_183' title='bbox 573 2892 646 2966; x_wconf 86' lang='lat' dir='ltr'><strong>ista</strong></span> <span class='ocrx_word' id='word_1_184' title='bbox 672 2917 761 2967; x_wconf 90' lang='lat' dir='ltr'><strong>cum</strong></span> <span class='ocrx_word' id='word_1_185' title='bbox 790 2891 999 2967; x_wconf 87' lang='lat' dir='ltr'><strong>indicativo</strong></span> <span class='ocrx_word' id='word_1_186' title='bbox 1018 2891 1159 2978; x_wconf 86' lang='lat' dir='ltr'><strong>Mooo;</strong></span> <span class='ocrx_word' id='word_1_187' title='bbox 1187 2889 1254 2966; x_wconf 85' lang='lat' dir='ltr'><strong>sed</strong></span> <span class='ocrx_word' id='word_1_188' title='bbox 1281 2889 1386 2987; x_wconf 91' lang='lat' dir='ltr'><strong>quod</strong></span> 
     </span>
     <span class='ocr_line' id='line_1_25' title="bbox 280 2989 1385 3088; baseline 0 -24"><span class='ocrx_word' id='word_1_189' title='bbox 280 3013 369 3064; x_wconf 85' lang='lat' dir='ltr'><strong>oum</strong></span> <span class='ocrx_word' id='word_1_190' title='bbox 397 2992 562 3064; x_wconf 84' lang='lat' dir='ltr'><strong>Furuno</strong></span> <span class='ocrx_word' id='word_1_191' title='bbox 578 2991 786 3064; x_wconf 85' lang='lat' dir='ltr'><strong>indicativo</strong></span> <span class='ocrx_word' id='word_1_192' title='bbox 803 2999 1056 3066; x_wconf 85' lang='lat' dir='ltr'><strong>construatur.</strong></span> <span class='ocrx_word' id='word_1_193' title='bbox 1110 2991 1264 3088; x_wconf 86' lang='lat' dir='ltr'><strong>Quippe</strong></span> <span class='ocrx_word' id='word_1_194' title='bbox 1280 2989 1385 3064; x_wconf 91' lang='lat' dir='ltr'><strong>modi</strong></span> 
     </span>
     <span class='ocr_line' id='line_1_26' title="bbox 278 3088 1386 3190; baseline 0.001 -29"><span class='ocrx_word' id='word_1_195' title='bbox 278 3088 380 3162; x_wconf 90' lang='lat' dir='ltr'><strong>illius</strong></span> <span class='ocrx_word' id='word_1_196' title='bbox 396 3098 569 3188; x_wconf 86' lang='lat' dir='ltr'><strong>tempora</strong></span> <span class='ocrx_word' id='word_1_197' title='bbox 585 3091 778 3190; x_wconf 78' lang='lat' dir='ltr'><strong>preterita</strong></span> <span class='ocrx_word' id='word_1_198' title='bbox 795 3114 884 3164; x_wconf 92' lang='lat' dir='ltr'><strong>cum</strong></span> <span class='ocrx_word' id='word_1_199' title='bbox 911 3089 1178 3189; x_wconf 86' lang='lat' dir='ltr'><strong>imperfectum</strong></span> <span class='ocrx_word' id='word_1_200' title='bbox 1199 3099 1284 3163; x_wconf 89' lang='lat' dir='ltr'><strong>turn</strong></span> <span class='ocrx_word' id='word_1_201' title='bbox 1300 3113 1386 3187; x_wconf 91' lang='lat' dir='ltr'><strong>per-</strong></span> 
     </span>
     <span class='ocr_line' id='line_1_27' title="bbox 279 3185 1385 3290; baseline -0.003 -25"><span class='ocrx_word' id='word_1_202' title='bbox 279 3185 435 3276; x_wconf 83' lang='lat' dir='ltr'><strong>fectum,</strong></span> <span class='ocrx_word' id='word_1_203' title='bbox 447 3188 506 3263; x_wconf 91' lang='lat' dir='ltr'><strong>uti</strong></span> <span class='ocrx_word' id='word_1_204' title='bbox 524 3197 563 3262; x_wconf 88' lang='lat' dir='ltr'><strong>et</strong></span> <span class='ocrx_word' id='word_1_205' title='bbox 579 3189 741 3264; x_wconf 87' lang='lat' dir='ltr'><strong>aoristus</strong></span> <span class='ocrx_word' id='word_1_206' title='bbox 760 3199 932 3290; x_wconf 88' lang='lat' dir='ltr'><strong>uterque,</strong></span> <span class='ocrx_word' id='word_1_207' title='bbox 949 3192 1125 3266; x_wconf 88' lang='lat' dir='ltr'><strong>voculam</strong></span> <span class='ocrx_word' id='word_1_208' title='bbox 1138 3188 1250 3264; x_wconf 89' lang='lat' dir='ltr'><strong>istam</strong></span> <span class='ocrx_word' id='word_1_209' title='bbox 1268 3187 1385 3263; x_wconf 91' lang='lat' dir='ltr'><strong>comi-</strong></span> 
     </span>
     <span class='ocr_line' id='line_1_28' title="bbox 277 3288 1383 3368; baseline 0 -4"><span class='ocrx_word' id='word_1_210' title='bbox 277 3297 360 3368; x_wconf 85' lang='lat' dir='ltr'><strong>tem</strong></span> <span class='ocrx_word' id='word_1_211' title='bbox 371 3313 449 3366; x_wconf 90' lang='lat' dir='ltr'><strong>non</strong></span> <span class='ocrx_word' id='word_1_212' title='bbox 473 3312 559 3366; x_wconf 84' lang='lat' dir='ltr'><strong>raro</strong></span> <span class='ocrx_word' id='word_1_213' title='bbox 585 3289 803 3364; x_wconf 84' lang='lat' dir='ltr'><strong>adsciscunt</strong></span> <span class='ocrx_word' id='word_1_214' title='bbox 814 3291 852 3364; x_wconf 75' lang='lat'><strong>⁷².</strong></span> <span class='ocrx_word' id='word_1_215' title='bbox 906 3289 1119 3366; x_wconf 87' lang='lat' dir='ltr'><strong>Secundam</strong></span> <span class='ocrx_word' id='word_1_216' title='bbox 1149 3288 1383 3366; x_wconf 87' lang='lat' dir='ltr'><strong>locutionem</strong></span> 
     </span>
    </p>
   </div>
   <div class='ocr_carea' id='block_1_6' title="bbox 275 3459 1384 4506">
    <p class='ocr_par' dir='ltr' id='par_1_9' title="bbox 276 3459 1384 3938">
     <span class='ocr_line' id='line_1_29' title="bbox 277 3459 1383 3543; baseline -0.005 -19"><span class='ocrx_word' id='word_1_217' title='bbox 277 3463 370 3530; x_wconf 81' lang='lat' dir='ltr'><strong>dicia:</strong></span> <span class='ocrx_word' id='word_1_218' title='bbox 390 3467 426 3524; x_wconf 76' lang='grc' dir='ltr'><strong>τά</strong></span> <span class='ocrx_word' id='word_1_219' title='bbox 440 3485 489 3524; x_wconf 85' lang='grc' dir='ltr'><strong>κεν</strong></span> <span class='ocrx_word' id='word_1_220' title='bbox 501 3461 548 3541; x_wconf 79' lang='grc' dir='ltr'><strong>ἦρι</strong></span> <span class='ocrx_word' id='word_1_221' title='bbox 561 3465 647 3543; x_wconf 73' lang='grc' dir='ltr'>νοήσῃ</span> <span class='ocrx_word' id='word_1_222' title='bbox 663 3461 804 3540; x_wconf 73' lang='lat' dir='ltr'><strong>quentilla</strong></span> <span class='ocrx_word' id='word_1_223' title='bbox 894 3465 944 3522; x_wconf 87' lang='grc'><strong>77.</strong></span> <span class='ocrx_word' id='word_1_224' title='bbox 967 3459 1053 3522; x_wconf 88' lang='lat' dir='ltr'><strong>Hanc</strong></span> <span class='ocrx_word' id='word_1_225' title='bbox 1061 3461 1196 3522; x_wconf 83' lang='lat' dir='ltr'><strong>voculam</strong></span> <span class='ocrx_word' id='word_1_226' title='bbox 1208 3481 1274 3522; x_wconf 86' lang='lat' dir='ltr'><strong>cunr</strong></span> <span class='ocrx_word' id='word_1_227' title='bbox 1279 3461 1383 3538; x_wconf 75' lang='lat' dir='ltr'><strong>sutoro</strong></span> 
     </span>
     <span class='ocr_line' id='line_1_30' title="bbox 278 3540 1380 3623; baseline -0.002 -21"><span class='ocrx_word' id='word_1_228' title='bbox 278 3557 323 3604; x_wconf 84' lang='lat' dir='ltr'><strong>est</strong></span> <span class='ocrx_word' id='word_1_229' title='bbox 336 3546 457 3606; x_wconf 86' lang='lat' dir='ltr'><strong>mutatio</strong></span> <span class='ocrx_word' id='word_1_230' title='bbox 465 3544 496 3602; x_wconf 82' lang='lat' dir='ltr'><strong>‘l”</strong></span> <span class='ocrx_word' id='word_1_231' title='bbox 513 3545 592 3623; x_wconf 82' lang='lat' dir='ltr'><strong>apud</strong></span> <span class='ocrx_word' id='word_1_232' title='bbox 601 3543 760 3603; x_wconf 83' lang='lat' dir='ltr'><strong>Tittmsnn.</strong></span> <span class='ocrx_word' id='word_1_233' title='bbox 773 3563 804 3622; x_wconf 83' lang='lat' dir='ltr'><strong>p.</strong></span> <span class='ocrx_word' id='word_1_234' title='bbox 852 3540 1000 3600; x_wconf 83' lang='lat' dir='ltr'><strong>indicativi</strong></span> <span class='ocrx_word' id='word_1_235' title='bbox 1011 3543 1151 3600; x_wconf 84' lang='lat' dir='ltr'><strong>construit</strong></span> <span class='ocrx_word' id='word_1_236' title='bbox 1160 3542 1380 3621; x_wconf 81' lang='lat' dir='ltr'><strong>Aristophanes,</strong></span> 
     </span>
     <span class='ocr_line' id='line_1_31' title="bbox 279 3619 1381 3698; baseline 0 -18"><span class='ocrx_word' id='word_1_237' title='bbox 279 3627 345 3692; x_wconf 80' lang='lat' dir='ltr'><strong>ts.;</strong></span> <span class='ocrx_word' id='word_1_238' title='bbox 360 3624 512 3689; x_wconf 64' lang='lat' dir='ltr'><strong>erma,-</strong></span> <span class='ocrx_word' id='word_1_239' title='bbox 533 3629 552 3656; x_wconf 90' lang='lat'>“</span> <span class='ocrx_word' id='word_1_240' title='bbox 567 3624 644 3682; x_wconf 93' lang='lat' dir='ltr'><strong>Mihi</strong></span> <span class='ocrx_word' id='word_1_241' title='bbox 658 3624 802 3694; x_wconf 71' lang='lat' dir='ltr'><strong>tamenin,</strong></span> <span class='ocrx_word' id='word_1_242' title='bbox 851 3633 970 3684; x_wconf 81' lang='lat' dir='ltr'><strong>auctore</strong></span> <span class='ocrx_word' id='word_1_243' title='bbox 996 3621 1161 3693; x_wconf 80' lang='lat' dir='ltr'><strong>Brunoki03</strong></span> <span class='ocrx_word' id='word_1_244' title='bbox 1195 3622 1276 3698; x_wconf 83' lang='lat' dir='ltr'><strong>atqui</strong></span> <span class='ocrx_word' id='word_1_245' title='bbox 1300 3619 1381 3680; x_wconf 82' lang='lat' dir='ltr'><strong>Nus.</strong></span> 
     </span>
     <span class='ocr_line' id='line_1_32' title="bbox 277 3697 1384 3781; baseline 0.003 -22"><span class='ocrx_word' id='word_1_246' title='bbox 277 3702 327 3776; x_wconf 90' lang='lat' dir='ltr'><strong>qui</strong></span> <span class='ocrx_word' id='word_1_247' title='bbox 354 3699 399 3778; x_wconf 74' lang='grc' dir='ltr'><strong>ἦρι</strong></span> <span class='ocrx_word' id='word_1_248' title='bbox 424 3706 510 3781; x_wconf 70' lang='grc' dir='ltr'><strong><em>νοήσῃ</em></strong></span> <span class='ocrx_word' id='word_1_249' title='bbox 533 3703 665 3781; x_wconf 80' lang='lat' dir='ltr'><strong>conjecit,</strong></span> <span class='ocrx_word' id='word_1_250' title='bbox 683 3703 803 3762; x_wconf 87' lang='lat' dir='ltr'><strong>minimo</strong></span> <span class='ocrx_word' id='word_1_251' title='bbox 853 3706 922 3760; x_wconf 81' lang='lat'><strong>465.</strong></span> <span class='ocrx_word' id='word_1_252' title='bbox 946 3697 1004 3778; x_wconf 76' lang='grc' dir='ltr'><strong>ἆρά</strong></span> <span class='ocrx_word' id='word_1_253' title='bbox 1020 3725 1055 3774; x_wconf 87' lang='grc' dir='ltr'><strong>γε</strong></span> <span class='ocrx_word' id='word_1_254' title='bbox 1074 3706 1147 3760; x_wconf 77' lang='grc' dir='ltr'>τοῦτ’</span> <span class='ocrx_word' id='word_1_255' title='bbox 1168 3703 1213 3779; x_wconf 83' lang='grc' dir='ltr'><strong>ἄρ’</strong></span> <span class='ocrx_word' id='word_1_256' title='bbox 1235 3703 1292 3776; x_wconf 76' lang='grc' dir='ltr'><strong>ἐγὼ</strong></span> <span class='ocrx_word' id='word_1_257' title='bbox 1316 3701 1384 3762; x_wconf 81' lang='lat' dir='ltr'><strong>eod.</strong></span> 
     </span>
     <span class='ocr_line' id='line_1_33' title="bbox 276 3779 1382 3859; baseline 0.002 -19"><span class='ocrx_word' id='word_1_258' title='bbox 276 3781 423 3842; x_wconf 87' lang='lat' dir='ltr'><strong>molimine</strong></span> <span class='ocrx_word' id='word_1_259' title='bbox 432 3802 493 3840; x_wconf 83' lang='lat' dir='ltr'><strong>rem</strong></span> <span class='ocrx_word' id='word_1_260' title='bbox 501 3783 801 3844; x_wconf 62' lang='lat' dir='ltr'><strong>confecissevidetur?</strong></span> <span class='ocrx_word' id='word_1_261' title='bbox 854 3782 928 3842; x_wconf 81' lang='lat' dir='ltr'><strong>Rsv.</strong></span> <span class='ocrx_word' id='word_1_262' title='bbox 950 3794 989 3852; x_wconf 80' lang='lat' dir='ltr'><strong>et,</strong></span> <span class='ocrx_word' id='word_1_263' title='bbox 1008 3782 1222 3859; x_wconf 66' lang='grc' dir='ltr'>ποτ’ἐπόψυμαι</span> <span class='ocrx_word' id='word_1_264' title='bbox 1240 3779 1382 3842; x_wconf 77' lang='lat' dir='ltr'><strong>exsuita</strong></span> 
     </span>
     <span class='ocr_line' id='line_1_34' title="bbox 277 3857 1382 3938; baseline 0 -18"><span class='ocrx_word' id='word_1_265' title='bbox 277 3861 368 3937; x_wconf 80' lang='lat' dir='ltr'><strong>Apud</strong></span> <span class='ocrx_word' id='word_1_266' title='bbox 382 3861 518 3930; x_wconf 85' lang='lat' dir='ltr'><strong>eundem,</strong></span> <span class='ocrx_word' id='word_1_267' title='bbox 531 3881 561 3938; x_wconf 85' lang='lat' dir='ltr'><strong>p.</strong></span> <span class='ocrx_word' id='word_1_268' title='bbox 577 3868 606 3922; x_wconf 78' lang='lat'><strong>3.</strong></span> <span class='ocrx_word' id='word_1_269' title='bbox 855 3881 883 3924; x_wconf 81' lang='lat' dir='ltr'><strong>v.</strong></span> <span class='ocrx_word' id='word_1_270' title='bbox 897 3857 956 3938; x_wconf 79' lang='lat' dir='ltr'><strong>tipo</strong></span> <span class='ocrx_word' id='word_1_271' title='bbox 970 3885 1014 3935; x_wconf 82' lang='grc' dir='ltr'><strong>γε.</strong></span> <span class='ocrx_word' id='word_1_272' title='bbox 1027 3861 1067 3919; x_wconf 84' lang='lat' dir='ltr'><strong>R.</strong></span> <span class='ocrx_word' id='word_1_273' title='bbox 1080 3861 1118 3920; x_wconf 90' lang='lat' dir='ltr'><strong>P.</strong></span> <span class='ocrx_word' id='word_1_274' title='bbox 1136 3862 1212 3921; x_wconf 86' lang='lat' dir='ltr'><strong>Ach.</strong></span> <span class='ocrx_word' id='word_1_275' title='bbox 1225 3867 1293 3920; x_wconf 75' lang='lat'><strong>³92.</strong></span> <span class='ocrx_word' id='word_1_276' title='bbox 1329 3863 1382 3930; x_wconf 71' lang='lat' dir='ltr'><strong>‘Or</strong></span> 
     </span>
    </p>

    <p class='ocr_par' dir='ltr' id='par_1_10' title="bbox 275 3939 1383 4506">
     <span class='ocr_line' id='line_1_35' title="bbox 317 3939 1381 4016; baseline 0.002 -18"><span class='ocrx_word' id='word_1_277' title='bbox 317 3944 366 4002; x_wconf 80' lang='lat' dir='ltr'><strong>tt.</strong></span> <span class='ocrx_word' id='word_1_278' title='bbox 388 3939 799 4010; x_wconf 64' lang='lat' dir='ltr'><strong>hvi6.-lluvcloieditiones.</strong></span> <span class='ocrx_word' id='word_1_279' title='bbox 856 3943 961 4016; x_wconf 73' lang='grc' dir='ltr'>σκῆψιν</span> <span class='ocrx_word' id='word_1_280' title='bbox 970 3943 1053 4015; x_wconf 70' lang='grc' dir='ltr'><strong>ἁγὼν</strong></span> <span class='ocrx_word' id='word_1_281' title='bbox 1062 3939 1142 4008; x_wconf 76' lang='grc' dir='ltr'>οὗτος</span> <span class='ocrx_word' id='word_1_282' title='bbox 1154 3945 1187 4002; x_wconf 78' lang='lat' dir='ltr'><strong>ot</strong></span> <span class='ocrx_word' id='word_1_283' title='bbox 1201 3939 1381 4012; x_wconf 73' lang='grc' dir='ltr'>προσδέξεται</span> 
     </span>
     <span class='ocr_line' id='line_1_36' title="bbox 286 4018 1382 4100; baseline 0.006 -25"><span class='ocrx_word' id='word_1_284' title='bbox 286 4065 292 4075; x_wconf 95' lang='grc'><strong>.</strong></span> <span class='ocrx_word' id='word_1_285' title='bbox 318 4025 365 4082; x_wconf 86' lang='grc'><strong>76.</strong></span> <span class='ocrx_word' id='word_1_286' title='bbox 387 4019 475 4080; x_wconf 78' lang='grc' dir='ltr'>ἀείδει</span> <span class='ocrx_word' id='word_1_287' title='bbox 495 4019 569 4079; x_wconf 91' lang='lat' dir='ltr'><strong>Cod.</strong></span> <span class='ocrx_word' id='word_1_288' title='bbox 582 4018 704 4100; x_wconf 75' lang='lat' dir='ltr'><strong>Mediol.</strong></span> <span class='ocrx_word' id='word_1_289' title='bbox 717 4022 799 4099; x_wconf 71' lang='lat' dir='ltr'><strong>delrp</strong></span> <span class='ocrx_word' id='word_1_290' title='bbox 855 4041 873 4081; x_wconf 87' lang='lat' dir='ltr'><strong>e</strong></span> <span class='ocrx_word' id='word_1_291' title='bbox 898 4022 990 4080; x_wconf 86' lang='lat' dir='ltr'><strong>tribus</strong></span> <span class='ocrx_word' id='word_1_292' title='bbox 1022 4021 1166 4100; x_wconf 84' lang='lat' dir='ltr'><strong>primariis</strong></span> <span class='ocrx_word' id='word_1_293' title='bbox 1196 4021 1382 4092; x_wconf 74' lang='lat' dir='ltr'><strong>editionibus,</strong></span> 
     </span>
     <span class='ocr_line' id='line_1_37' title="bbox 277 4098 1382 4181; baseline 0.001 -20"><span class='ocrx_word' id='word_1_294' title='bbox 277 4098 368 4161; x_wconf 82' lang='lat' dir='ltr'><strong>Paris.</strong></span> <span class='ocrx_word' id='word_1_295' title='bbox 394 4104 486 4160; x_wconf 64' lang='lat' dir='ltr'><strong>detaut</strong></span> <span class='ocrx_word' id='word_1_296' title='bbox 519 4099 595 4158; x_wconf 90' lang='lat' dir='ltr'><strong>Cod.</strong></span> <span class='ocrx_word' id='word_1_297' title='bbox 622 4099 695 4177; x_wconf 83' lang='lat' dir='ltr'><strong>Reg.</strong></span> <span class='ocrx_word' id='word_1_298' title='bbox 723 4099 803 4177; x_wconf 86' lang='lat' dir='ltr'><strong>apud</strong></span> <span class='ocrx_word' id='word_1_299' title='bbox 856 4100 947 4160; x_wconf 84' lang='lat' dir='ltr'><strong>Suida</strong></span> <span class='ocrx_word' id='word_1_300' title='bbox 959 4121 988 4160; x_wconf 85' lang='lat' dir='ltr'><strong>v.</strong></span> <span class='ocrx_word' id='word_1_301' title='bbox 1000 4105 1130 4181; x_wconf 75' lang='grc' dir='ltr'><em>Σίσυφος,</em></span> <span class='ocrx_word' id='word_1_302' title='bbox 1145 4114 1177 4160; x_wconf 91' lang='lat' dir='ltr'><strong>et</strong></span> <span class='ocrx_word' id='word_1_303' title='bbox 1189 4101 1223 4160; x_wconf 83' lang='grc' dir='ltr'><strong>Ρ.</strong></span> <span class='ocrx_word' id='word_1_304' title='bbox 1233 4101 1382 4180; x_wconf 83' lang='lat' dir='ltr'><strong>Leopordi</strong></span> 
     </span>
     <span class='ocr_line' id='line_1_38' title="bbox 276 4177 1383 4257; baseline -0.003 -14"><span class='ocrx_word' id='word_1_305' title='bbox 276 4179 318 4243; x_wconf 82' lang='lat' dir='ltr'><strong>D·</strong></span> <span class='ocrx_word' id='word_1_306' title='bbox 333 4181 370 4241; x_wconf 81' lang='lat' dir='ltr'><strong>lt.</strong></span> <span class='ocrx_word' id='word_1_307' title='bbox 411 4180 570 4242; x_wconf 81' lang='lat' dir='ltr'><strong>Tittmann.</strong></span> <span class='ocrx_word' id='word_1_308' title='bbox 582 4200 611 4257; x_wconf 93' lang='lat' dir='ltr'><strong>p.</strong></span> <span class='ocrx_word' id='word_1_309' title='bbox 628 4183 676 4236; x_wconf 78' lang='lat'><strong>92.</strong></span> <span class='ocrx_word' id='word_1_310' title='bbox 715 4177 802 4237; x_wconf 88' lang='lat' dir='ltr'><strong>Bion.</strong></span> <span class='ocrx_word' id='word_1_311' title='bbox 852 4179 1075 4251; x_wconf 80' lang='lat' dir='ltr'><strong>Emendat-xiii,</strong></span> <span class='ocrx_word' id='word_1_312' title='bbox 1087 4188 1114 4239; x_wconf 90' lang='lat'><strong>8.</strong></span> <span class='ocrx_word' id='word_1_313' title='bbox 1129 4181 1282 4242; x_wconf 81' lang='lat' dir='ltr'><strong>redonavit</strong></span> <span class='ocrx_word' id='word_1_314' title='bbox 1292 4181 1383 4240; x_wconf 75' lang='lat' dir='ltr'><strong>ttP.</strong></span> 
     </span>
     <span class='ocr_line' id='line_1_39' title="bbox 276 4257 1379 4338; baseline 0 -20"><span class='ocrx_word' id='word_1_315' title='bbox 276 4257 350 4319; x_wconf 73' lang='lat' dir='ltr'><strong>Bao·</strong></span> <span class='ocrx_word' id='word_1_316' title='bbox 366 4281 416 4330; x_wconf 69' lang='lat' dir='ltr'><strong>XV,</strong></span> <span class='ocrx_word' id='word_1_317' title='bbox 432 4267 480 4322; x_wconf 79' lang='lat'><strong>25.</strong></span> <span class='ocrx_word' id='word_1_318' title='bbox 523 4261 607 4337; x_wconf 65' lang='lat' dir='ltr'><strong>lirdp&#39;</strong></span> <span class='ocrx_word' id='word_1_319' title='bbox 630 4261 689 4317; x_wconf 71' lang='lat' dir='ltr'><strong>drot</strong></span> <span class='ocrx_word' id='word_1_320' title='bbox 713 4258 801 4316; x_wconf 81' lang='grc' dir='ltr'>καλόν</span> <span class='ocrx_word' id='word_1_321' title='bbox 852 4259 942 4338; x_wconf 87' lang='lat' dir='ltr'><strong>Vesp.</strong></span> <span class='ocrx_word' id='word_1_322' title='bbox 959 4266 1026 4320; x_wconf 80' lang='lat'><strong>942.</strong></span> <span class='ocrx_word' id='word_1_323' title='bbox 1046 4257 1142 4320; x_wconf 73' lang='lat' dir='ltr'><strong>citui</strong></span> <span class='ocrx_word' id='word_1_324' title='bbox 1158 4258 1379 4338; x_wconf 72' lang='grc' dir='ltr'><strong>σῦπαὺσειχα·</strong></span> 
     </span>
     <span class='ocr_line' id='line_1_40' title="bbox 276 4337 1381 4418; baseline 0.005 -20"><span class='ocrx_word' id='word_1_325' title='bbox 276 4339 351 4414; x_wconf 67' lang='lat' dir='ltr'><strong>draps</strong></span> <span class='ocrx_word' id='word_1_326' title='bbox 363 4343 472 4418; x_wconf 87' lang='lat' dir='ltr'><strong>optime</strong></span> <span class='ocrx_word' id='word_1_327' title='bbox 484 4341 681 4411; x_wconf 61' lang='lat' dir='ltr'><strong>casaubonus»,</strong></span> <span class='ocrx_word' id='word_1_328' title='bbox 690 4337 722 4398; x_wconf 82' lang='grc' dir='ltr'><strong>τὸ</strong></span> <span class='ocrx_word' id='word_1_329' title='bbox 737 4340 802 4406; x_wconf 64' lang='lat' dir='ltr'><strong>oros·</strong></span> <span class='ocrx_word' id='word_1_330' title='bbox 852 4341 940 4404; x_wconf 73' lang='grc' dir='ltr'><strong>λεπός</strong></span> <span class='ocrx_word' id='word_1_331' title='bbox 955 4344 994 4400; x_wconf 74' lang='grc' dir='ltr'><strong>ὢν</strong></span> <span class='ocrx_word' id='word_1_332' title='bbox 1008 4344 1052 4400; x_wconf 78' lang='grc' dir='ltr'><strong>καὶ</strong></span> <span class='ocrx_word' id='word_1_333' title='bbox 1065 4341 1208 4412; x_wconf 74' lang='grc' dir='ltr'><strong>δύσκολος,</strong></span> <span class='ocrx_word' id='word_1_334' title='bbox 1219 4341 1294 4400; x_wconf 81' lang='lat' dir='ltr'><strong>Coti.</strong></span> <span class='ocrx_word' id='word_1_335' title='bbox 1305 4341 1381 4404; x_wconf 69' lang='lat' dir='ltr'><strong>Rav·</strong></span> 
     </span>
     <span class='ocr_line' id='line_1_41' title="bbox 275 4419 1380 4506; baseline -0.005 -22"><span class='ocrx_word' id='word_1_336' title='bbox 275 4420 518 4506; x_wconf 38' lang='lat' dir='ltr'><strong>pu&#39;tnhtivtiatda</strong></span> <span class='ocrx_word' id='word_1_337' title='bbox 739 4484 744 4492; x_wconf 31' lang='lat'>¹</span> <span class='ocrx_word' id='word_1_338' title='bbox 787 4483 801 4494; x_wconf 42' lang='grc' dir='ltr'>Η</span> <span class='ocrx_word' id='word_1_339' title='bbox 854 4421 983 4502; x_wconf 70' lang='lat' dir='ltr'><strong>Optime.</strong></span> <span class='ocrx_word' id='word_1_340' title='bbox 1007 4420 1087 4492; x_wconf 78' lang='lat' dir='ltr'><strong>Nub.</strong></span> <span class='ocrx_word' id='word_1_341' title='bbox 1113 4425 1201 4484; x_wconf 83' lang='grc'><strong>1157-</strong></span> <span class='ocrx_word' id='word_1_342' title='bbox 1224 4419 1380 4500; x_wconf 61' lang='grc' dir='ltr'><strong>οὐδὲνγὰρ</strong></span> 
     </span>
    </p>
   </div>
   <div class='ocr_carea' id='block_1_7' title="bbox 0 0 1552 4946">
    <p class='ocr_par' dir='ltr' id='par_1_11' title="bbox 0 0 1552 4946">
     <span class='ocr_line' id='line_1_42' title="bbox 0 0 1552 4946; baseline 0 5"><span class='ocrx_word' id='word_1_343' title='bbox 0 0 1552 4946; x_wconf 95' lang='lat' dir='ltr'><strong> </strong></span> 
     </span>
    </p>
   </div>
  </div>
 </body>
</html>
