3126 4942
744 403 818 472 522

117 621 209 672 sset.
234 601 411 701 Conferte
436 598 618 682 consiliu,-
643 595 695 672 ibi
720 597 814 672 enim
830 617 976 684 sumus,
1004 595 1066 670 abi
1089 617 1161 671 noo
1185 588 1348 694 1111111111

230 703 400 804 segnities
427 703 540 776 datar
562 699 674 788 loon,
700 700 770 774 sed
789 699 906 773 instat
930 699 1013 798 ipse
1041 696 1181 797 agendi
1204 699 1345 770 ortica-

231 805 302 880 1111.
356 805 582 878 Portentum
609 801 720 876 dico:
757 825 880 899 neque
910 800 1011 876 enim
1040 833 1111 891 εμεν
1140 823 1212 898 pro
1241 831 1347 890 εσμεν,

146 921 220 992 282
232 929 281 980 ne
302 905 457 978 Ionibus
476 903 643 1002 quidem,
660 903 802 976 nedum
818 901 1130 989 Atheniensibus,
1150 900 1208 974 uti
1226 899 1248 944 ⁴*
1262 922 1348 998 per-

146 689 175 736 V.

118 793 220 811 μ

233 1005 391 1082 missum
422 1015 490 1080 est.
555 1005 742 1080 Praeterea
770 1002 971 1088 sententia,
996 1000 1049 1074 ibi
1076 1001 1172 1074 enim
1201 1022 1344 1088 sumus,

232 1107 295 1182 obi
320 1107 402 1206 ipse
426 1106 541 1180 instat
565 1104 706 1204 agendi
729 1103 922 1190 arundus,
947 1099 1042 1178 falsa
1064 1109 1147 1177 est:
1174 1102 1347 1176 nondum

233 1207 337 1284 enim
365 1231 412 1282 eo
443 1215 639 1292 venerant,
665 1205 734 1280 sed
761 1203 854 1278 ituri
884 1211 1035 1278 tantum
1064 1211 1183 1292 erant,
1209 1200 1269 1276 uti
1298 1223 1347 1276 ex

234 1331 348 1384 versu
368 1314 431 1382 75.
450 1306 690 1407 apertissime
708 1313 881 1382 constat:

244 1513 247 1520 ,
337 1465 395 1556 Nt’
413 1461 432 1532 δ
451 1463 650 1534 ΕΞΙΜΕΝ.
669 1491 783 1558 καιρος
800 1491 879 1557 γαρ,
896 1453 998 1554 ὅσπερ
1015 1458 1151 1556 ανδρασι

337 1567 507 1660 Μεγίσῗῠς
524 1591 624 1660 ἔργου
642 1591 767 1648 πανῗθς
782 1592 836 1632 w?
854 1590 1036 1640 Επίσῗᾱτηςι

238 1710 324 1786 Νο1
340 1721 461 1785 uatem
477 1709 625 1784 eximus
644 1709 918 1804 (1111111111).
960 1706 1118 1783 Occasio
1129 1705 1351 1804 enimjubet,

238 1837 320 1910 quae
337 1811 538 1884 luminibus
563 1811 722 1884 monimo
749 1810 788 1883 in
813 1809 907 1882 omni
934 1833 1046 1908 opere
1073 1820 1130 1884 eat
1155 1809 1349 1908 magistra

239 1911 315 1986 Sed
341 1935 390 1986 ne
422 1935 510 1986 eum
536 1911 842 2008 praecedentibus
871 1909 1037 2007 quidem,
1075 1911 1240 1984 Consilio
1266 1935 1349 1984 cou-

223 2013 348 2110 serte,
373 2011 566 2088 conciliari
593 2019 734 2110 potest.
788 2011 943 2108 Quippe
969 2011 1200 2086 consiliorum
1230 2009 1352 2109 corase-

237 2114 432 2188 rendorum
449 2122 600 2211 terimus,
631 2121 747 2209 atque
771 2112 853 2210 ipae
880 2111 1019 2210 agemi
1040 2113 1220 2187 articulos
1237 2109 1352 2184 simul

238 2214 446 2289 consistere
495 2221 701 2312 nequeunt.
772 2211 956 2288 Rescribe
993 2235 1087 2290 vero
1129 2211 1388 2299 certissima,-

240 2315 388 2414 opiuor,
414 2313 681 2389 emendatione

490 2453 638 2534 -dc
655 2454 769 2524 ενταυθ
785 2455 904 2524 IMEN
918 2448 956 2490 ²¹⁹

244 2603 421 2704 Conferte
451 2604 634 2678 consiliu:
669 2629 712 2678 eo
740 2602 835 2678 enim
865 2602 956 2677 ituri
997 2627 1138 2694 sumus,
1176 2603 1239 2680 ott
1273 2602 1355 2702 irase

241 2706 380 2804 agardi
412 2705 570 2779 instabit
602 2703 793 2779 aretatem.
862 2703 950 2778 Jam
983 2705 1091 2780 vides
1125 2703 1354 2780 sententiam

243 2828 332 2881 oum
349 2805 422 2882 sibi
445 2829 559 2904 quam
583 2805 729 2906 optime
749 2813 934 2892 constare,
959 2813 1043 2880 turn
1067 2806 1184 2881 etiam
1207 2807 1254 2881 ad
1276 2804 1354 2880 loci

238 2905 321 3003 jam
352 2906 498 2981 laudati
524 2905 638 2982 fidem
662 2904 778 3004 exigi,
813 2905 854 2980 in
883 2929 960 3004 quo
995 2907 1129 3005 utique
1157 2907 1356 2992 habeatur,

245 3013 303 3103 Νῳ
321 3009 340 3080 d
359 3011 696 3080 EEIMEN-w-

222 3201 227 3208 ¹
246 3167 292 3242 V.
310 3173 399 3242 600.

296 3273 397 3342 Abba
415 3303 478 3342 που
496 3302 561 3342 ποτ
578 3305 616 3354 ην
634 3291 678 3364 αφ
696 3304 785 3362 ημων
802 3305 861 3344 τον
878 3276 985 3346 nodva
1002 3305 1117 3345 τουτον
1134 3298 1286 3372 χρονονς

297 3371 366 3444 Hbs
384 3373 463 3443 τουθ
480 3405 562 3463 ημας
579 3373 708 3453 dedo-{ov
726 3406 751 3442 ω
770 3374 848 3446 θεων
866 3375 1088 3466 savonarum]

246 3471 442 3572 Principio
470 3475 523 3555 ηδε
547 3497 625 3548 non
652 3479 711 3548 est
736 3495 814 3547 vox
830 3471 972 3548 Attica.
1025 3473 1174 3549 Deinde
1192 3473 1225 3547 si
1243 3482 1355 3560 esset,

247 3572 397 3647 nullum
427 3571 490 3648 hie
520 3597 674 3648 sensum
704 3573 831 3648 sortiri
854 3581 995 3672 posset.
1059 3574 1192 3649 Tertio
1220 3597 1357 3672 parum

160 3688 235 3759 283
248 3671 271 3718 ³⁸
286 3673 484 3748 commode
505 3675 733 3749 subauditur
757 3673 1027 3762 nominativus,
1053 3676 1102 3750 ad
1130 3699 1245 3771 quem
1261 3674 1358 3748 refe-

246 3773 355 3848 ratur
370 3774 532 3849 verbum
549 3810 599 3859 ην.
651 3775 706 3850 Ut
727 3775 809 3850 haeo
832 3775 959 3851 omnia
985 3776 1100 3852 simul
1116 3775 1358 3850 incommoda

248 3873 455 3962 evitentur,
485 3899 561 3950 non
588 3884 647 3951 est
672 3875 758 3964 nisi,
784 3883 829 3951 ut
848 3900 919 3975 pro
937 3879 989 3961 ηδε
1013 3877 1117 3976 legas
1135 3877 1203 3966 ἣδε,
1228 3876 1359 3952 locum

248 3986 377 4052 autem
394 3975 449 4049 sie
467 3975 705 4075 distinguas:

297 4129 399 4202 Abba
417 4159 480 4200 που
497 4159 560 4198 ποτ
579 4161 618 4208 ην
635 4145 679 4218 αφ
697 4158 784 4216 ημων
802 4159 861 4200 τον
878 4131 987 4200 nodat·
1004 4159 1120 4202 τουτον
1138 4161 1265 4228 χρονον
1277 4129 1317 4166 ”⁰

285 4392 355 4448 ata.
377 4385 454 4449 Vide
467 4407 555 4466 supra
569 4408 597 4467 p.
614 4393 642 4446 9.
826 4413 935 4466 χρονον
953 4389 1016 4450 tolli
1031 4411 1148 4470 quoque
1165 4393 1252 4472 jubet
1266 4390 1358 4452 Sarto-

284 4473 356 4528 220.
383 4474 403 4504 “
425 4467 685 4547 Interrogationem
705 4480 777 4550 'post
827 4470 1003 4534 tamuda?
1023 4471 1161 4552 Bargasa
