<?xml version="1.0" encoding="UTF-8"?>
<!DOCTYPE html PUBLIC "-//W3C//DTD XHTML 1.0 Transitional//EN"
    "http://www.w3.org/TR/xhtml1/DTD/xhtml1-transitional.dtd">
<html xmlns="http://www.w3.org/1999/xhtml" xml:lang="en" lang="en">
 <head>
  <title>
</title>
<meta http-equiv="Content-Type" content="text/html;charset=utf-8" />
  <meta name='ocr-system' content='tesseract 3.04.00' />
  <meta name='ocr-capabilities' content='ocr_page ocr_carea ocr_par ocr_line ocrx_word'/>
</head>
<body>
  <div class='ocr_page' id='page_1' title='image "./ricardidawesiim01kiddgoog_0649.png"; bbox 0 0 2964 4950; ppageno 0'>
   <div class='ocr_carea' id='block_1_1' title="bbox 724 313 864 434">
    <p class='ocr_par' dir='ltr' id='par_1_1' title="bbox 724 313 864 434">
     <span class='ocr_line' id='line_1_1' title="bbox 724 313 864 434; baseline -0.014 0"><span class='ocrx_word' id='word_1_1' title='bbox 724 313 864 434; x_wconf 65' lang='lat' dir='ltr'><strong>⁸sso</strong></span> 
     </span>
    </p>
   </div>
   <div class='ocr_carea' id='block_1_2' title="bbox 158 550 1395 758">
    <p class='ocr_par' dir='ltr' id='par_1_2' title="bbox 158 550 1395 758">
     <span class='ocr_line' id='line_1_2' title="bbox 170 550 1395 682; baseline 0.01 -62"><span class='ocrx_word' id='word_1_2' title='bbox 170 567 259 682; x_wconf 65' lang='lat' dir='ltr'><strong>suver.</strong></span> <span class='ocrx_word' id='word_1_3' title='bbox 274 550 436 652; x_wconf 85' lang='lat' dir='ltr'>Utrique</span> <span class='ocrx_word' id='word_1_4' title='bbox 452 566 583 634; x_wconf 83' lang='lat' dir='ltr'><strong>cutem</strong></span> <span class='ocrx_word' id='word_1_5' title='bbox 604 556 763 658; x_wconf 85' lang='lat' dir='ltr'><strong>perinde</strong></span> <span class='ocrx_word' id='word_1_6' title='bbox 788 557 908 647; x_wconf 80' lang='lat' dir='ltr'><strong>luvet,</strong></span> <span class='ocrx_word' id='word_1_7' title='bbox 922 557 1026 657; x_wconf 88' lang='lat' dir='ltr'><strong>quod</strong></span> <span class='ocrx_word' id='word_1_8' title='bbox 1042 555 1148 658; x_wconf 79' lang='lat' dir='ltr'><strong>opud</strong></span> <span class='ocrx_word' id='word_1_9' title='bbox 1167 553 1395 656; x_wconf 82' lang='lat' dir='ltr'><strong>Euripiden</strong></span> 
     </span>
     <span class='ocr_line' id='line_1_3' title="bbox 158 655 942 758; baseline 0.01 -30"><span class='ocrx_word' id='word_1_10' title='bbox 158 670 260 757; x_wconf 82' lang='lat'><strong>...&#39;..</strong></span> <span class='ocrx_word' id='word_1_11' title='bbox 272 663 379 729; x_wconf 83' lang='lat' dir='ltr'><strong>extat</strong></span> <span class='ocrx_word' id='word_1_12' title='bbox 395 655 435 730; x_wconf 92' lang='lat' dir='ltr'><strong>in</strong></span> <span class='ocrx_word' id='word_1_13' title='bbox 454 659 591 734; x_wconf 79' lang='lat' dir='ltr'><strong>Oreste</strong></span> <span class='ocrx_word' id='word_1_14' title='bbox 608 681 706 734; x_wconf 83' lang='lat' dir='ltr'><strong>vers.</strong></span> <span class='ocrx_word' id='word_1_15' title='bbox 725 665 800 733; x_wconf 83' lang='grc'><strong>396</strong></span> <span class='ocrx_word' id='word_1_16' title='bbox 818 660 942 758; x_wconf 85' lang='grc'><strong>(390).</strong></span> 
     </span>
    </p>
   </div>
   <div class='ocr_carea' id='block_1_3' title="bbox 322 793 1378 886">
    <p class='ocr_par' dir='ltr' id='par_1_3' title="bbox 322 793 1378 886">
     <span class='ocr_line' id='line_1_4' title="bbox 322 793 1378 886; baseline 0.003 -21"><span class='ocrx_word' id='word_1_17' title='bbox 322 797 355 865; x_wconf 89' lang='lat' dir='ltr'>H</span> <span class='ocrx_word' id='word_1_18' title='bbox 373 827 498 880; x_wconf 75' lang='grc' dir='ltr'><em>συνεσις</em></span> <span class='ocrx_word' id='word_1_19' title='bbox 510 797 560 886; x_wconf 74' lang='lat'><strong>⁸¹⁵,</strong></span> <span class='ocrx_word' id='word_1_20' title='bbox 576 793 627 871; x_wconf 80' lang='lat' dir='ltr'><strong>im</strong></span> <span class='ocrx_word' id='word_1_21' title='bbox 645 803 853 874; x_wconf 85' lang='grc' dir='ltr'>ΣΥΝΟΙΔΑ</span> <span class='ocrx_word' id='word_1_22' title='bbox 879 801 993 872; x_wconf 86' lang='grc' dir='ltr'><strong>ΔΕΙΝ</strong></span> <span class='ocrx_word' id='word_1_23' title='bbox 1021 801 1378 871; x_wconf 82' lang='grc' dir='ltr'><strong>ΕΙΡΓΑΣΜΕΝΟΣ.</strong></span> 
     </span>
    </p>
   </div>
   <div class='ocr_carea' id='block_1_4' title="bbox 141 957 1481 3273">
    <p class='ocr_par' dir='ltr' id='par_1_4' title="bbox 182 957 1481 2488">
     <span class='ocr_line' id='line_1_5' title="bbox 322 957 1147 1062; baseline 0.007 -33"><span class='ocrx_word' id='word_1_24' title='bbox 322 957 368 1032; x_wconf 91' lang='lat' dir='ltr'><strong>V.</strong></span> <span class='ocrx_word' id='word_1_25' title='bbox 387 965 473 1035; x_wconf 78' lang='lat'><strong>497.</strong></span> <span class='ocrx_word' id='word_1_26' title='bbox 500 967 587 1035; x_wconf 82' lang='grc' dir='ltr'>Ταυτ</span> <span class='ocrx_word' id='word_1_27' title='bbox 603 964 790 1036; x_wconf 67' lang='lat' dir='ltr'><strong>undenorum·</strong></span> <span class='ocrx_word' id='word_1_28' title='bbox 808 981 933 1060; x_wconf 71' lang='lat' dir='ltr'><strong>spopun-</strong></span> <span class='ocrx_word' id='word_1_29' title='bbox 951 963 1147 1062; x_wconf 74' lang='lat' dir='ltr'><strong>Evptnrdnc]</strong></span> 
     </span>
     <span class='ocr_line' id='line_1_6' title="bbox 269 1059 1481 1160; baseline 0.001 -27"><span class='ocrx_word' id='word_1_30' title='bbox 269 1067 292 1099; x_wconf 88' lang='lat'><strong><em>“</em></strong></span> <span class='ocrx_word' id='word_1_31' title='bbox 310 1059 511 1137; x_wconf 85' lang='lat' dir='ltr'><strong>Clcudicat</strong></span> <span class='ocrx_word' id='word_1_32' title='bbox 526 1070 718 1137; x_wconf 87' lang='lat' dir='ltr'><strong>metrum:</strong></span> <span class='ocrx_word' id='word_1_33' title='bbox 744 1065 847 1160; x_wconf 91' lang='lat' dir='ltr'><strong>quod</strong></span> <span class='ocrx_word' id='word_1_34' title='bbox 866 1063 905 1136; x_wconf 93' lang='lat' dir='ltr'><strong>in</strong></span> <span class='ocrx_word' id='word_1_35' title='bbox 922 1060 1115 1160; x_wconf 87' lang='lat' dir='ltr'><strong>integrum</strong></span> <span class='ocrx_word' id='word_1_36' title='bbox 1131 1061 1383 1146; x_wconf 84' lang='lat' dir='ltr'><strong>restituetur,</strong></span> <span class='ocrx_word' id='word_1_37' title='bbox 1480 1147 1481 1160; x_wconf 11' lang='grc' dir='ltr'>ἶ</span> 
     </span>
     <span class='ocr_line' id='line_1_7' title="bbox 270 1160 1481 1261; baseline 0.001 -28"><span class='ocrx_word' id='word_1_38' title='bbox 270 1167 296 1200; x_wconf 88' lang='lat'><strong>“</strong></span> <span class='ocrx_word' id='word_1_39' title='bbox 312 1160 345 1234; x_wconf 87' lang='lat' dir='ltr'><strong>si</strong></span> <span class='ocrx_word' id='word_1_40' title='bbox 378 1184 451 1261; x_wconf 90' lang='lat' dir='ltr'><strong>pro</strong></span> <span class='ocrx_word' id='word_1_41' title='bbox 489 1181 614 1258; x_wconf 77' lang='grc' dir='ltr'>εφωρατ</span> <span class='ocrx_word' id='word_1_42' title='bbox 652 1162 783 1238; x_wconf 84' lang='lat' dir='ltr'><strong>addito</strong></span> <span class='ocrx_word' id='word_1_43' title='bbox 822 1173 1030 1260; x_wconf 81' lang='lat' dir='ltr'><strong>augmento</strong></span> <span class='ocrx_word' id='word_1_44' title='bbox 1064 1162 1193 1238; x_wconf 89' lang='lat' dir='ltr'><strong>Attico</strong></span> <span class='ocrx_word' id='word_1_45' title='bbox 1233 1162 1389 1238; x_wconf 76' lang='lat' dir='ltr'><strong>scribas</strong></span> <span class='ocrx_word' id='word_1_46' title='bbox 1480 1163 1481 1170; x_wconf 39' lang='lat'>³</span> 
     </span>
     <span class='ocr_line' id='line_1_8' title="bbox 270 1261 1481 1362; baseline 0.003 -30"><span class='ocrx_word' id='word_1_47' title='bbox 270 1269 293 1300; x_wconf 87' lang='lat'><strong>“</strong></span> <span class='ocrx_word' id='word_1_48' title='bbox 310 1269 485 1362; x_wconf 64' lang='lat' dir='ltr'><strong>meoparss’</strong></span> <span class='ocrx_word' id='word_1_49' title='bbox 510 1263 711 1338; x_wconf 78' lang='lat' dir='ltr'><strong>Kusterus.</strong></span> <span class='ocrx_word' id='word_1_50' title='bbox 762 1263 863 1338; x_wconf 82' lang='lat' dir='ltr'><strong>Satis</strong></span> <span class='ocrx_word' id='word_1_51' title='bbox 880 1261 1083 1338; x_wconf 83' lang='lat' dir='ltr'><strong>infeliciter</strong></span> <span class='ocrx_word' id='word_1_52' title='bbox 1101 1263 1159 1338; x_wconf 89' lang='lat' dir='ltr'><strong>vir</strong></span> <span class='ocrx_word' id='word_1_53' title='bbox 1172 1261 1229 1337; x_wconf 87' lang='lat' dir='ltr'><strong>Cl.</strong></span> <span class='ocrx_word' id='word_1_54' title='bbox 1277 1263 1388 1336; x_wconf 87' lang='lat' dir='ltr'><strong>Nam</strong></span> <span class='ocrx_word' id='word_1_55' title='bbox 1480 1265 1481 1290; x_wconf 59' lang='lat'>¹</span> 
     </span>
     <span class='ocr_line' id='line_1_9' title="bbox 182 1359 1385 1462; baseline 0.006 -33"><span class='ocrx_word' id='word_1_56' title='bbox 182 1359 257 1431; x_wconf 74' lang='lat'><strong>326</strong></span> <span class='ocrx_word' id='word_1_57' title='bbox 268 1359 418 1459; x_wconf 86' lang='lat' dir='ltr'><strong>integer</strong></span> <span class='ocrx_word' id='word_1_58' title='bbox 429 1386 543 1461; x_wconf 88' lang='lat' dir='ltr'><strong>quem</strong></span> <span class='ocrx_word' id='word_1_59' title='bbox 558 1375 672 1439; x_wconf 83' lang='lat' dir='ltr'><strong>vocnt</strong></span> <span class='ocrx_word' id='word_1_60' title='bbox 685 1364 865 1454; x_wconf 82' lang='lat' dir='ltr'><strong>senarius,</strong></span> <span class='ocrx_word' id='word_1_61' title='bbox 877 1373 1055 1462; x_wconf 84' lang='lat' dir='ltr'><strong>quartum</strong></span> <span class='ocrx_word' id='word_1_62' title='bbox 1069 1363 1205 1462; x_wconf 88' lang='lat' dir='ltr'><strong>pedem</strong></span> <span class='ocrx_word' id='word_1_63' title='bbox 1225 1363 1385 1460; x_wconf 83' lang='lat' dir='ltr'><strong>*spon-</strong></span> 
     </span>
     <span class='ocr_line' id='line_1_10' title="bbox 268 1461 1383 1560; baseline 0.001 -25"><span class='ocrx_word' id='word_1_64' title='bbox 268 1461 382 1537; x_wconf 90' lang='lat' dir='ltr'><strong>deum</strong></span> <span class='ocrx_word' id='word_1_65' title='bbox 399 1463 566 1560; x_wconf 86' lang='lat' dir='ltr'><strong>praefert,</strong></span> <span class='ocrx_word' id='word_1_66' title='bbox 585 1474 717 1539; x_wconf 86' lang='lat' dir='ltr'><strong>contra</strong></span> <span class='ocrx_word' id='word_1_67' title='bbox 729 1465 964 1540; x_wconf 84' lang='lat' dir='ltr'><strong>notissimam</strong></span> <span class='ocrx_word' id='word_1_68' title='bbox 982 1463 1095 1560; x_wconf 90' lang='lat' dir='ltr'><strong>hujus</strong></span> <span class='ocrx_word' id='word_1_69' title='bbox 1111 1464 1221 1537; x_wconf 92' lang='lat' dir='ltr'><strong>metri</strong></span> <span class='ocrx_word' id='word_1_70' title='bbox 1236 1464 1383 1560; x_wconf 88' lang='lat' dir='ltr'><strong>legem.</strong></span> 
     </span>
     <span class='ocr_line' id='line_1_11' title="bbox 268 1561 1384 1662; baseline 0.003 -27"><span class='ocrx_word' id='word_1_71' title='bbox 268 1561 375 1637; x_wconf 91' lang='lat' dir='ltr'><strong>Idem</strong></span> <span class='ocrx_word' id='word_1_72' title='bbox 398 1587 512 1662; x_wconf 91' lang='lat' dir='ltr'><strong>porro</strong></span> <span class='ocrx_word' id='word_1_73' title='bbox 542 1565 742 1640; x_wconf 85' lang='lat' dir='ltr'><strong>sententiae</strong></span> <span class='ocrx_word' id='word_1_74' title='bbox 765 1565 925 1638; x_wconf 90' lang='lat' dir='ltr'><strong>nimium</strong></span> <span class='ocrx_word' id='word_1_75' title='bbox 944 1587 1100 1638; x_wconf 89' lang='lat' dir='ltr'><strong>securus</strong></span> <span class='ocrx_word' id='word_1_76' title='bbox 1118 1562 1204 1637; x_wconf 84' lang='lat' dir='ltr'><strong>fuit.</strong></span> <span class='ocrx_word' id='word_1_77' title='bbox 1259 1563 1384 1647; x_wconf 86' lang='lat' dir='ltr'><strong>Quod</strong></span> 
     </span>
     <span class='ocr_line' id='line_1_12' title="bbox 266 1656 1479 1762; baseline 0.001 -25"><span class='ocrx_word' id='word_1_78' title='bbox 266 1662 369 1737; x_wconf 91' lang='lat' dir='ltr'><strong>enim</strong></span> <span class='ocrx_word' id='word_1_79' title='bbox 386 1665 503 1739; x_wconf 84' lang='lat' dir='ltr'><strong>verba</strong></span> <span class='ocrx_word' id='word_1_80' title='bbox 520 1667 653 1740; x_wconf 83' lang='lat' dir='ltr'><strong>Graeoa</strong></span> <span class='ocrx_word' id='word_1_81' title='bbox 671 1665 799 1740; x_wconf 84' lang='lat' dir='ltr'><strong>valere</strong></span> <span class='ocrx_word' id='word_1_82' title='bbox 815 1665 950 1752; x_wconf 88' lang='lat' dir='ltr'><strong>voluit,</strong></span> <span class='ocrx_word' id='word_1_83' title='bbox 979 1665 1071 1738; x_wconf 87' lang='lat' dir='ltr'><strong>Hoc</strong></span> <span class='ocrx_word' id='word_1_84' title='bbox 1086 1689 1266 1762; x_wconf 78' lang='lat' dir='ltr'><strong>rrcnquarn</strong></span> <span class='ocrx_word' id='word_1_85' title='bbox 1284 1664 1386 1738; x_wconf 72' lang='lat' dir='ltr'><strong>uidit</strong></span> <span class='ocrx_word' id='word_1_86' title='bbox 1472 1656 1479 1753; x_wconf 90' lang='grc' dir='ltr'>Ι</span> 
     </span>
     <span class='ocr_line' id='line_1_13' title="bbox 265 1761 1478 1864; baseline 0.002 -28"><span class='ocrx_word' id='word_1_87' title='bbox 265 1761 489 1862; x_wconf 80' lang='lat' dir='ltr'><strong>Euripides,</strong></span> <span class='ocrx_word' id='word_1_88' title='bbox 502 1789 627 1864; x_wconf 91' lang='lat' dir='ltr'><strong>neque</strong></span> <span class='ocrx_word' id='word_1_89' title='bbox 642 1765 779 1840; x_wconf 88' lang='lat' dir='ltr'><strong>coelum</strong></span> <span class='ocrx_word' id='word_1_90' title='bbox 791 1790 862 1841; x_wconf 89' lang='lat' dir='ltr'><strong>nec</strong></span> <span class='ocrx_word' id='word_1_91' title='bbox 875 1777 1013 1840; x_wconf 87' lang='lat' dir='ltr'><strong>terram</strong></span> <span class='ocrx_word' id='word_1_92' title='bbox 1024 1775 1198 1864; x_wconf 83' lang='lat' dir='ltr'><strong>tangunt</strong></span> <span class='ocrx_word' id='word_1_93' title='bbox 1224 1765 1383 1862; x_wconf 87' lang='lat' dir='ltr'><strong>Nempe</strong></span> <span class='ocrx_word' id='word_1_94' title='bbox 1473 1762 1478 1773; x_wconf 88' lang='lat'>&#39;</span> 
     </span>
     <span class='ocr_line' id='line_1_14' title="bbox 265 1863 1383 1966; baseline 0.004 -31"><span class='ocrx_word' id='word_1_95' title='bbox 265 1863 525 1940; x_wconf 89' lang='lat' dir='ltr'><strong>Mnesilochus</strong></span> <span class='ocrx_word' id='word_1_96' title='bbox 562 1866 758 1966; x_wconf 87' lang='lat' dir='ltr'><strong>Euripidae</strong></span> <span class='ocrx_word' id='word_1_97' title='bbox 801 1865 863 1942; x_wconf 93' lang='lat' dir='ltr'><strong>hic</strong></span> <span class='ocrx_word' id='word_1_98' title='bbox 897 1889 1049 1940; x_wconf 84' lang='lat' dir='ltr'><strong>causam</strong></span> <span class='ocrx_word' id='word_1_99' title='bbox 1088 1887 1205 1964; x_wconf 82' lang='lat' dir='ltr'><strong>agens</strong></span> <span class='ocrx_word' id='word_1_100' title='bbox 1241 1876 1383 1940; x_wconf 85' lang='lat' dir='ltr'><strong>contra</strong></span> 
     </span>
     <span class='ocr_line' id='line_1_15' title="bbox 264 1964 1481 2064; baseline 0.002 -27"><span class='ocrx_word' id='word_1_101' title='bbox 264 1964 454 2054; x_wconf 86' lang='lat' dir='ltr'><strong>mulieres,</strong></span> <span class='ocrx_word' id='word_1_102' title='bbox 484 1989 570 2063; x_wconf 87' lang='lat' dir='ltr'><strong>qure</strong></span> <span class='ocrx_word' id='word_1_103' title='bbox 595 1991 684 2043; x_wconf 89' lang='lat' dir='ltr'><strong>eum</strong></span> <span class='ocrx_word' id='word_1_104' title='bbox 710 1965 836 2064; x_wconf 86' lang='lat' dir='ltr'><strong>injus</strong></span> <span class='ocrx_word' id='word_1_105' title='bbox 861 1975 1102 2054; x_wconf 83' lang='lat' dir='ltr'><strong>vocaverant,</strong></span> <span class='ocrx_word' id='word_1_106' title='bbox 1137 1966 1242 2064; x_wconf 91' lang='lat' dir='ltr'><strong>quod</strong></span> <span class='ocrx_word' id='word_1_107' title='bbox 1270 1965 1381 2064; x_wconf 81' lang='lat' dir='ltr'><strong>ipsus</strong></span> <span class='ocrx_word' id='word_1_108' title='bbox 1480 1991 1481 1994; x_wconf 44' lang='lat'>¹</span> 
     </span>
     <span class='ocr_line' id='line_1_16' title="bbox 264 2063 1380 2167; baseline 0.004 -31"><span class='ocrx_word' id='word_1_109' title='bbox 264 2063 430 2160; x_wconf 88' lang='lat' dir='ltr'><strong>indignis</strong></span> <span class='ocrx_word' id='word_1_110' title='bbox 474 2067 690 2167; x_wconf 90' lang='lat' dir='ltr'><strong>opprobriis</strong></span> <span class='ocrx_word' id='word_1_111' title='bbox 733 2069 959 2153; x_wconf 56' lang='lat' dir='ltr'><strong>lacerassem</strong></span> <span class='ocrx_word' id='word_1_112' title='bbox 1002 2069 1175 2164; x_wconf 84' lang='lat' dir='ltr'><strong>agnoscit</strong></span> <span class='ocrx_word' id='word_1_113' title='bbox 1216 2066 1380 2163; x_wconf 89' lang='lat' dir='ltr'><strong>quidem</strong></span> 
     </span>
     <span class='ocr_line' id='line_1_17' title="bbox 264 2163 1379 2268; baseline 0.005 -32"><span class='ocrx_word' id='word_1_114' title='bbox 264 2163 477 2264; x_wconf 87' lang='lat' dir='ltr'><strong>Euripiden</strong></span> <span class='ocrx_word' id='word_1_115' title='bbox 510 2167 702 2243; x_wconf 90' lang='lat' dir='ltr'><strong>nonnullis</strong></span> <span class='ocrx_word' id='word_1_116' title='bbox 742 2167 981 2244; x_wconf 90' lang='lat' dir='ltr'><strong>contumeliis</strong></span> <span class='ocrx_word' id='word_1_117' title='bbox 1023 2191 1086 2242; x_wconf 85' lang='lat' dir='ltr'><strong>eas</strong></span> <span class='ocrx_word' id='word_1_118' title='bbox 1123 2178 1379 2268; x_wconf 88' lang='lat' dir='ltr'><strong>prosecutum</strong></span> 
     </span>
     <span class='ocr_line' id='line_1_18' title="bbox 262 2268 1379 2368; baseline 0.004 -30"><span class='ocrx_word' id='word_1_119' title='bbox 262 2288 366 2350; x_wconf 87' lang='lat' dir='ltr'><strong>esse;</strong></span> <span class='ocrx_word' id='word_1_120' title='bbox 385 2275 478 2363; x_wconf 85' lang='lat' dir='ltr'><strong>quot</strong></span> <span class='ocrx_word' id='word_1_121' title='bbox 490 2291 581 2344; x_wconf 86' lang='lat' dir='ltr'><strong>vero</strong></span> <span class='ocrx_word' id='word_1_122' title='bbox 595 2268 783 2366; x_wconf 82' lang='lat' dir='ltr'><strong>graviora,</strong></span> <span class='ocrx_word' id='word_1_123' title='bbox 798 2293 887 2346; x_wconf 90' lang='lat' dir='ltr'><strong>cum</strong></span> <span class='ocrx_word' id='word_1_124' title='bbox 898 2268 973 2368; x_wconf 89' lang='lat' dir='ltr'><strong>ipsi</strong></span> <span class='ocrx_word' id='word_1_125' title='bbox 985 2268 1024 2341; x_wconf 91' lang='lat' dir='ltr'><strong>in</strong></span> <span class='ocrx_word' id='word_1_126' title='bbox 1036 2276 1219 2367; x_wconf 92' lang='lat' dir='ltr'><strong>promptu</strong></span> <span class='ocrx_word' id='word_1_127' title='bbox 1233 2277 1379 2356; x_wconf 89' lang='lat' dir='ltr'><strong>essent,</strong></span> 
     </span>
     <span class='ocr_line' id='line_1_19' title="bbox 261 2365 1378 2488; baseline 0.004 -48"><span class='ocrx_word' id='word_1_128' title='bbox 261 2365 389 2441; x_wconf 88' lang='lat' dir='ltr'><strong>dicere</strong></span> <span class='ocrx_word' id='word_1_129' title='bbox 404 2367 673 2466; x_wconf 86' lang='lat' dir='ltr'><strong>supersederit,</strong></span> <span class='ocrx_word' id='word_1_130' title='bbox 688 2369 750 2445; x_wconf 90' lang='lat' dir='ltr'><strong>hic</strong></span> <span class='ocrx_word' id='word_1_131' title='bbox 763 2378 946 2462; x_wconf 83' lang='lat' dir='ltr'><strong>recenset.</strong></span> <span class='ocrx_word' id='word_1_132' title='bbox 973 2370 1026 2444; x_wconf 85' lang='lat' dir='ltr'><strong>At</strong></span> <span class='ocrx_word' id='word_1_133' title='bbox 1037 2369 1221 2488; x_wconf 89' lang='lat' dir='ltr'><strong>lepidum,</strong></span> <span class='ocrx_word' id='word_1_134' title='bbox 1232 2368 1378 2456; x_wconf 88' lang='lat' dir='ltr'><strong>hercle,</strong></span> 
     </span>
    </p>

    <p class='ocr_par' dir='ltr' id='par_1_5' title="bbox 141 2467 1378 3169">
     <span class='ocr_line' id='line_1_20' title="bbox 141 2467 1378 2569; baseline 0.003 -27"><span class='ocrx_word' id='word_1_135' title='bbox 141 2472 143 2481; x_wconf 89' lang='lat'>&#39;</span> <span class='ocrx_word' id='word_1_136' title='bbox 260 2477 466 2566; x_wconf 86' lang='lat' dir='ltr'><strong>patronum</strong></span> <span class='ocrx_word' id='word_1_137' title='bbox 484 2479 618 2545; x_wconf 83' lang='lat' dir='ltr'><strong>nectus</strong></span> <span class='ocrx_word' id='word_1_138' title='bbox 646 2469 783 2546; x_wconf 87' lang='lat' dir='ltr'><strong>fuisset</strong></span> <span class='ocrx_word' id='word_1_139' title='bbox 805 2472 928 2546; x_wconf 90' lang='lat' dir='ltr'><strong>bonus</strong></span> <span class='ocrx_word' id='word_1_140' title='bbox 945 2469 1164 2569; x_wconf 76' lang='lat' dir='ltr'><strong>Euripides,</strong></span> <span class='ocrx_word' id='word_1_141' title='bbox 1193 2469 1225 2544; x_wconf 88' lang='lat' dir='ltr'><strong>si</strong></span> <span class='ocrx_word' id='word_1_142' title='bbox 1243 2467 1378 2568; x_wconf 90' lang='lat' dir='ltr'><strong>ipsum</strong></span> 
     </span>
     <span class='ocr_line' id='line_1_21' title="bbox 261 2567 1377 2668; baseline 0.003 -27"><span class='ocrx_word' id='word_1_143' title='bbox 261 2567 521 2644; x_wconf 88' lang='lat' dir='ltr'><strong>Mnesilochus</strong></span> <span class='ocrx_word' id='word_1_144' title='bbox 540 2571 737 2647; x_wconf 83' lang='lat' dir='ltr'><strong>defensum</strong></span> <span class='ocrx_word' id='word_1_145' title='bbox 761 2570 835 2646; x_wconf 88' lang='lat' dir='ltr'><strong>iret</strong></span> <span class='ocrx_word' id='word_1_146' title='bbox 861 2571 1038 2668; x_wconf 80' lang='lat' dir='ltr'><strong>graviora</strong></span> <span class='ocrx_word' id='word_1_147' title='bbox 1059 2570 1261 2645; x_wconf 90' lang='lat' dir='ltr'><strong>mulierum</strong></span> <span class='ocrx_word' id='word_1_148' title='bbox 1279 2569 1377 2644; x_wconf 84' lang='lat' dir='ltr'><strong>feci-</strong></span> 
     </span>
     <span class='ocr_line' id='line_1_22' title="bbox 259 2669 1374 2772; baseline 0.003 -30"><span class='ocrx_word' id='word_1_149' title='bbox 259 2691 365 2756; x_wconf 83' lang='lat' dir='ltr'><strong>noro,</strong></span> <span class='ocrx_word' id='word_1_150' title='bbox 391 2694 475 2767; x_wconf 83' lang='lat' dir='ltr'><strong>quoe</strong></span> <span class='ocrx_word' id='word_1_151' title='bbox 493 2671 576 2772; x_wconf 90' lang='lat' dir='ltr'><strong>ipse</strong></span> <span class='ocrx_word' id='word_1_152' title='bbox 593 2697 670 2748; x_wconf 92' lang='lat' dir='ltr'><strong>nou</strong></span> <span class='ocrx_word' id='word_1_153' title='bbox 683 2671 764 2769; x_wconf 83' lang='lat' dir='ltr'><strong>jam</strong></span> <span class='ocrx_word' id='word_1_154' title='bbox 781 2696 858 2746; x_wconf 92' lang='lat' dir='ltr'><strong>non</strong></span> <span class='ocrx_word' id='word_1_155' title='bbox 876 2669 1048 2758; x_wconf 86' lang='lat' dir='ltr'><strong>dixisset,</strong></span> <span class='ocrx_word' id='word_1_156' title='bbox 1069 2671 1136 2746; x_wconf 92' lang='lat' dir='ltr'><strong>sed</strong></span> <span class='ocrx_word' id='word_1_157' title='bbox 1155 2695 1232 2746; x_wconf 91' lang='lat' dir='ltr'><strong>non</strong></span> <span class='ocrx_word' id='word_1_158' title='bbox 1250 2669 1374 2745; x_wconf 87' lang='lat' dir='ltr'><strong>vidis-</strong></span> 
     </span>
     <span class='ocr_line' id='line_1_23' title="bbox 259 2769 1375 2872; baseline 0.003 -29"><span class='ocrx_word' id='word_1_159' title='bbox 259 2779 331 2858; x_wconf 85' lang='lat' dir='ltr'><strong>set,</strong></span> <span class='ocrx_word' id='word_1_160' title='bbox 358 2770 577 2847; x_wconf 83' lang='lat' dir='ltr'><strong>indicando.</strong></span> <span class='ocrx_word' id='word_1_161' title='bbox 632 2773 800 2872; x_wconf 86' lang='lat' dir='ltr'><strong>Scaliger</strong></span> <span class='ocrx_word' id='word_1_162' title='bbox 822 2772 940 2846; x_wconf 91' lang='lat' dir='ltr'><strong>nihilo</strong></span> <span class='ocrx_word' id='word_1_163' title='bbox 965 2770 1113 2846; x_wconf 84' lang='lat' dir='ltr'><strong>felicius</strong></span> <span class='ocrx_word' id='word_1_164' title='bbox 1136 2769 1302 2868; x_wconf 92' lang='lat' dir='ltr'><strong>conjecit</strong></span> <span class='ocrx_word' id='word_1_165' title='bbox 1319 2771 1375 2846; x_wconf 88' lang='lat' dir='ltr'><strong>le·</strong></span> 
     </span>
     <span class='ocr_line' id='line_1_24' title="bbox 258 2870 1374 2972; baseline 0.002 -28"><span class='ocrx_word' id='word_1_166' title='bbox 258 2871 428 2968; x_wconf 89' lang='lat' dir='ltr'><strong>gendum</strong></span> <span class='ocrx_word' id='word_1_167' title='bbox 445 2893 584 2972; x_wconf 74' lang='grc' dir='ltr'><strong>εφωριισ.</strong></span> <span class='ocrx_word' id='word_1_168' title='bbox 629 2873 715 2950; x_wconf 90' lang='lat' dir='ltr'><strong>Hoc</strong></span> <span class='ocrx_word' id='word_1_169' title='bbox 734 2873 868 2970; x_wconf 91' lang='lat' dir='ltr'><strong>utique</strong></span> <span class='ocrx_word' id='word_1_170' title='bbox 885 2883 1009 2972; x_wconf 83' lang='lat' dir='ltr'><strong>pecto,</strong></span> <span class='ocrx_word' id='word_1_171' title='bbox 1028 2873 1187 2972; x_wconf 88' lang='lat' dir='ltr'><strong>perinde</strong></span> <span class='ocrx_word' id='word_1_172' title='bbox 1200 2879 1316 2969; x_wconf 84' lang='lat' dir='ltr'><strong>atque</strong></span> <span class='ocrx_word' id='word_1_173' title='bbox 1329 2870 1374 2946; x_wconf 91' lang='lat' dir='ltr'><strong>in</strong></span> 
     </span>
     <span class='ocr_line' id='line_1_25' title="bbox 259 2971 1374 3146; baseline 0.002 -104"><span class='ocrx_word' id='word_1_174' title='bbox 259 2971 416 3067; x_wconf 85' lang='lat' dir='ltr'><strong>vulgata</strong></span> <span class='ocrx_word' id='word_1_175' title='bbox 431 2972 608 3060; x_wconf 91' lang='lat' dir='ltr'><strong>lectione,</strong></span> <span class='ocrx_word' id='word_1_176' title='bbox 633 2974 713 3048; x_wconf 91' lang='lat' dir='ltr'><strong>bini</strong></span> <span class='ocrx_word' id='word_1_177' title='bbox 731 2976 850 3146; x_wconf 72' lang='lat' dir='ltr'><strong>pedes</strong></span> <span class='ocrx_word' id='word_1_178' title='bbox 865 2974 1040 3047; x_wconf 85' lang='lat' dir='ltr'><strong>laborant</strong></span> <span class='ocrx_word' id='word_1_179' title='bbox 1055 2999 1063 3045; x_wconf 75' lang='grc' dir='ltr'><strong>ε</strong></span> <span class='ocrx_word' id='word_1_180' title='bbox 1090 2973 1281 3047; x_wconf 84' lang='lat' dir='ltr'><strong>sententia</strong></span> <span class='ocrx_word' id='word_1_181' title='bbox 1308 2971 1374 3045; x_wconf 91' lang='lat' dir='ltr'><strong>iti-</strong></span> 
     </span>
     <span class='ocr_line' id='line_1_26' title="bbox 259 3070 1373 3169; baseline 0.004 -26"><span class='ocrx_word' id='word_1_182' title='bbox 259 3070 347 3144; x_wconf 88' lang='lat' dir='ltr'><strong>dem</strong></span> <span class='ocrx_word' id='word_1_183' title='bbox 363 3094 440 3144; x_wconf 91' lang='lat' dir='ltr'><strong>non</strong></span> <span class='ocrx_word' id='word_1_184' title='bbox 458 3073 583 3146; x_wconf 87' lang='lat' dir='ltr'><strong>minus</strong></span> <span class='ocrx_word' id='word_1_185' title='bbox 601 3073 722 3148; x_wconf 82' lang='lat' dir='ltr'><strong>alienu</strong></span> <span class='ocrx_word' id='word_1_186' title='bbox 767 3075 914 3148; x_wconf 85' lang='lat' dir='ltr'><strong>obetur.</strong></span> <span class='ocrx_word' id='word_1_187' title='bbox 968 3073 1081 3147; x_wconf 91' lang='lat' dir='ltr'><strong>Nunc</strong></span> <span class='ocrx_word' id='word_1_188' title='bbox 1103 3073 1205 3159; x_wconf 89' lang='lat' dir='ltr'><strong>vide,</strong></span> <span class='ocrx_word' id='word_1_189' title='bbox 1229 3073 1324 3169; x_wconf 90' lang='lat' dir='ltr'><strong>quid</strong></span> <span class='ocrx_word' id='word_1_190' title='bbox 1349 3097 1373 3148; x_wconf 81' lang='lat' dir='ltr'><strong>a</strong></span> 
     </span>
    </p>

    <p class='ocr_par' dir='ltr' id='par_1_6' title="bbox 143 3169 1283 3273">
     <span class='ocr_line' id='line_1_27' title="bbox 143 3169 1283 3273; baseline 0.004 -30"><span class='ocrx_word' id='word_1_191' title='bbox 143 3237 146 3244; x_wconf 23' lang='lat' dir='ltr'><strong>r</strong></span> <span class='ocrx_word' id='word_1_192' title='bbox 259 3169 438 3245; x_wconf 83' lang='lat' dir='ltr'><strong>dictantis</strong></span> <span class='ocrx_word' id='word_1_193' title='bbox 454 3171 597 3246; x_wconf 85' lang='lat' dir='ltr'><strong>librarii</strong></span> <span class='ocrx_word' id='word_1_194' title='bbox 616 3197 681 3248; x_wconf 90' lang='lat' dir='ltr'><strong>ore</strong></span> <span class='ocrx_word' id='word_1_195' title='bbox 701 3175 926 3271; x_wconf 86' lang='lat' dir='ltr'><strong>Comiciquc</strong></span> <span class='ocrx_word' id='word_1_196' title='bbox 943 3198 1057 3249; x_wconf 82' lang='lat' dir='ltr'><strong>manu</strong></span> <span class='ocrx_word' id='word_1_197' title='bbox 1075 3173 1283 3273; x_wconf 89' lang='lat' dir='ltr'><strong>prodierit:</strong></span> 
     </span>
    </p>
   </div>
   <div class='ocr_carea' id='block_1_5' title="bbox 358 3312 1194 3410">
    <p class='ocr_par' dir='ltr' id='par_1_7' title="bbox 358 3312 1194 3410">
     <span class='ocr_line' id='line_1_28' title="bbox 358 3312 1194 3410; baseline -0.004 -24"><span class='ocrx_word' id='word_1_198' title='bbox 358 3317 444 3386; x_wconf 81' lang='grc' dir='ltr'>Ταυτ</span> <span class='ocrx_word' id='word_1_199' title='bbox 459 3313 647 3386; x_wconf 62' lang='lat' dir='ltr'><strong>elienorae</strong></span> <span class='ocrx_word' id='word_1_200' title='bbox 668 3318 759 3400; x_wconf 83' lang='grc' dir='ltr'><strong>ΕΙΦ,</strong></span> <span class='ocrx_word' id='word_1_201' title='bbox 778 3312 980 3399; x_wconf 73' lang='lat' dir='ltr'><strong>OPA12⁸¹⁸,</strong></span> <span class='ocrx_word' id='word_1_202' title='bbox 1007 3313 1194 3410; x_wconf 77' lang='grc' dir='ltr'><strong>Ευριπιὸης.</strong></span> 
     </span>
    </p>
   </div>
   <div class='ocr_carea' id='block_1_6' title="bbox 257 3535 1477 4506">
    <p class='ocr_par' dir='ltr' id='par_1_8' title="bbox 257 3535 1477 3934">
     <span class='ocr_line' id='line_1_29' title="bbox 300 3535 1369 3617; baseline 0.004 -22"><span class='ocrx_word' id='word_1_203' title='bbox 300 3541 368 3596; x_wconf 73' lang='grc'><strong>315.</strong></span> <span class='ocrx_word' id='word_1_204' title='bbox 389 3537 425 3595; x_wconf 86' lang='grc' dir='ltr'>Ἡ</span> <span class='ocrx_word' id='word_1_205' title='bbox 448 3535 618 3604; x_wconf 50' lang='grc' dir='ltr'><strong><em>ξύνεσις-Ν</em></strong></span> <span class='ocrx_word' id='word_1_206' title='bbox 634 3535 720 3597; x_wconf 78' lang='lat' dir='ltr'><strong>Hunc</strong></span> <span class='ocrx_word' id='word_1_207' title='bbox 741 3557 787 3597; x_wconf 90' lang='lat' dir='ltr'><strong>re·</strong></span> <span class='ocrx_word' id='word_1_208' title='bbox 837 3551 867 3598; x_wconf 88' lang='lat' dir='ltr'><strong>et</strong></span> <span class='ocrx_word' id='word_1_209' title='bbox 882 3537 1007 3597; x_wconf 83' lang='lat' dir='ltr'><strong>Cornicis</strong></span> <span class='ocrx_word' id='word_1_210' title='bbox 1027 3537 1186 3598; x_wconf 82' lang='lat' dir='ltr'><strong>adbiberi.”</strong></span> <span class='ocrx_word' id='word_1_211' title='bbox 1207 3537 1298 3617; x_wconf 90' lang='lat' dir='ltr'><strong>Soph.</strong></span> <span class='ocrx_word' id='word_1_212' title='bbox 1314 3539 1369 3599; x_wconf 87' lang='lat' dir='ltr'><strong>Tr.</strong></span> 
     </span>
     <span class='ocr_line' id='line_1_30' title="bbox 258 3615 1371 3696; baseline 0.004 -22"><span class='ocrx_word' id='word_1_213' title='bbox 258 3615 358 3693; x_wconf 81' lang='lat' dir='ltr'><strong>gulam</strong></span> <span class='ocrx_word' id='word_1_214' title='bbox 371 3617 448 3680; x_wconf 80' lang='lat' dir='ltr'><strong>mihi</strong></span> <span class='ocrx_word' id='word_1_215' title='bbox 466 3619 556 3678; x_wconf 83' lang='lat' dir='ltr'><strong>semel</strong></span> <span class='ocrx_word' id='word_1_216' title='bbox 575 3619 671 3690; x_wconf 72' lang='lat' dir='ltr'><strong>omui,</strong></span> <span class='ocrx_word' id='word_1_217' title='bbox 691 3632 725 3679; x_wconf 90' lang='lat' dir='ltr'><strong>ut</strong></span> <span class='ocrx_word' id='word_1_218' title='bbox 737 3618 787 3686; x_wconf 75' lang='grc' dir='ltr'><strong>ξὺν</strong></span> <span class='ocrx_word' id='word_1_219' title='bbox 838 3624 909 3678; x_wconf 76' lang='lat'><strong>394.</strong></span> <span class='ocrx_word' id='word_1_220' title='bbox 926 3617 1050 3689; x_wconf 72' lang='grc' dir='ltr'><strong>δίδαξον,</strong></span> <span class='ocrx_word' id='word_1_221' title='bbox 1073 3624 1110 3688; x_wconf 76' lang='grc' dir='ltr'><strong>ὡς</strong></span> <span class='ocrx_word' id='word_1_222' title='bbox 1132 3618 1276 3696; x_wconf 73' lang='grc' dir='ltr'>ἕρποντας,</span> <span class='ocrx_word' id='word_1_223' title='bbox 1292 3621 1371 3679; x_wconf 75' lang='grc' dir='ltr'><strong><em>εἰσο-</em></strong></span> 
     </span>
     <span class='ocr_line' id='line_1_31' title="bbox 258 3695 1477 3779; baseline 0.007 -26"><span class='ocrx_word' id='word_1_224' title='bbox 258 3715 372 3772; x_wconf 85' lang='lat' dir='ltr'><strong>semper</strong></span> <span class='ocrx_word' id='word_1_225' title='bbox 392 3717 446 3774; x_wconf 83' lang='lat' dir='ltr'><strong>pro</strong></span> <span class='ocrx_word' id='word_1_226' title='bbox 470 3697 524 3758; x_wconf 78' lang='grc' dir='ltr'><strong>σῦν</strong></span> <span class='ocrx_word' id='word_1_227' title='bbox 545 3701 711 3770; x_wconf 85' lang='lat' dir='ltr'><strong>scriberem,</strong></span> <span class='ocrx_word' id='word_1_228' title='bbox 735 3700 784 3760; x_wconf 87' lang='lat' dir='ltr'><strong>obi</strong></span> <span class='ocrx_word' id='word_1_229' title='bbox 836 3705 902 3778; x_wconf 78' lang='grc' dir='ltr'><strong>ρᾷς,</strong></span> <span class='ocrx_word' id='word_1_230' title='bbox 921 3700 999 3779; x_wconf 81' lang='grc' dir='ltr'><strong>ἐμοῦ.</strong></span> <span class='ocrx_word' id='word_1_231' title='bbox 1022 3700 1111 3777; x_wconf 90' lang='lat' dir='ltr'><strong>Soph.</strong></span> <span class='ocrx_word' id='word_1_232' title='bbox 1129 3699 1185 3759; x_wconf 93' lang='lat' dir='ltr'><strong>Ph.</strong></span> <span class='ocrx_word' id='word_1_233' title='bbox 1208 3705 1276 3758; x_wconf 83' lang='lat'><strong>861.</strong></span> <span class='ocrx_word' id='word_1_234' title='bbox 1301 3703 1372 3760; x_wconf 76' lang='grc' dir='ltr'><strong>ἀλλ’</strong></span> <span class='ocrx_word' id='word_1_235' title='bbox 1476 3695 1477 3722; x_wconf 37' lang='lat' dir='ltr'><strong>l</strong></span> 
     </span>
     <span class='ocr_line' id='line_1_32' title="bbox 257 3779 1370 3934; baseline 0.007 -20"><span class='ocrx_word' id='word_1_236' title='bbox 257 3787 497 3915; x_wconf 51' lang='grc' dir='ltr'><strong>131ῗῖΓῖἂὲ</strong></span> <span class='ocrx_word' id='word_1_237' title='bbox 508 3780 784 3921; x_wconf 61' lang='lat' dir='ltr'><strong>iiii&#39;ri.i⁵⁰ili&#39;”</strong></span> <span class='ocrx_word' id='word_1_238' title='bbox 832 3786 929 3934; x_wconf 63' lang='lat' dir='ltr'><strong>il?c</strong></span> <span class='ocrx_word' id='word_1_239' title='bbox 942 3779 1370 3922; x_wconf 52' lang='lat' dir='ltr'><strong>&#39;⁸²³⁹s““⁹““ii‘⁹⁰‘&#39;’⁰iii&#39;</strong></span> 
     </span>
    </p>

    <p class='ocr_par' dir='ltr' id='par_1_9' title="bbox 290 3880 1371 3923">
     <span class='ocr_line' id='line_1_33' title="bbox 290 3880 1371 3923; baseline 0.012 -13"><span class='ocrx_word' id='word_1_240' title='bbox 290 3895 348 3912; x_wconf 65' lang='grc' dir='ltr'><strong>ιι</strong></span> <span class='ocrx_word' id='word_1_241' title='bbox 493 3897 548 3913; x_wconf 67' lang='grc' dir='ltr'><strong>,ι</strong></span> <span class='ocrx_word' id='word_1_242' title='bbox 674 3900 763 3919; x_wconf 73' lang='grc' dir='ltr'><strong>,ο</strong></span> <span class='ocrx_word' id='word_1_243' title='bbox 891 3884 1083 3920; x_wconf 67' lang='grc' dir='ltr'><strong>ἳξίικαῑα</strong></span> <span class='ocrx_word' id='word_1_244' title='bbox 1157 3880 1371 3923; x_wconf 58' lang='grc' dir='ltr'><strong>ΕΟΨΙΘ</strong></span> 
     </span>
    </p>

    <p class='ocr_par' dir='ltr' id='par_1_10' title="bbox 257 3875 1369 4506">
     <span class='ocr_line' id='line_1_34' title="bbox 298 3875 1369 4019; baseline 0.009 -27"><span class='ocrx_word' id='word_1_245' title='bbox 298 3940 368 3995; x_wconf 76' lang='grc'><strong>816.</strong></span> <span class='ocrx_word' id='word_1_246' title='bbox 391 3938 564 4014; x_wconf 84' lang='lat' dir='ltr'><strong>“probante</strong></span> <span class='ocrx_word' id='word_1_247' title='bbox 584 3940 721 4002; x_wconf 77' lang='lat' dir='ltr'><strong>Pierrono</strong></span> <span class='ocrx_word' id='word_1_248' title='bbox 748 3943 786 4002; x_wconf 81' lang='lat' dir='ltr'><strong>ad</strong></span> <span class='ocrx_word' id='word_1_249' title='bbox 836 3942 1015 4002; x_wconf 87' lang='lat' dir='ltr'><strong>Brunckium</strong></span> <span class='ocrx_word' id='word_1_250' title='bbox 1026 3884 1065 4002; x_wconf 62' lang='lat' dir='ltr'><strong>rid</strong></span> <span class='ocrx_word' id='word_1_251' title='bbox 1074 3941 1094 3999; x_wconf 93' lang='grc'><strong>1.</strong></span> <span class='ocrx_word' id='word_1_252' title='bbox 1106 3875 1369 4019; x_wconf 52' lang='grc' dir='ltr'><strong>ςφΕογηζειεῖΟρα,</strong></span> 
     </span>
     <span class='ocr_line' id='line_1_35' title="bbox 258 4013 1369 4100; baseline 0.01 -27"><span class='ocrx_word' id='word_1_253' title='bbox 258 4013 784 4098; x_wconf 81' lang='lat' dir='ltr'><strong>Moerinp.6.”R.P.apudP.P.D.</strong></span> <span class='ocrx_word' id='word_1_254' title='bbox 834 4019 936 4094; x_wconf 70' lang='grc' dir='ltr'>βλέπε,</span> <span class='ocrx_word' id='word_1_255' title='bbox 960 4027 1054 4100; x_wconf 81' lang='grc' dir='ltr'>καίρια</span> <span class='ocrx_word' id='word_1_256' title='bbox 1080 4025 1130 4100; x_wconf 84' lang='grc' dir='ltr'><strong>φθ.</strong></span> <span class='ocrx_word' id='word_1_257' title='bbox 1166 4021 1238 4082; x_wconf 88' lang='lat' dir='ltr'><strong>Eur.</strong></span> <span class='ocrx_word' id='word_1_258' title='bbox 1261 4021 1369 4084; x_wconf 77' lang='lat' dir='ltr'><strong>Bacch.</strong></span> 
     </span>
     <span class='ocr_line' id='line_1_36' title="bbox 258 4093 1367 4242; baseline 0.01 -89"><span class='ocrx_word' id='word_1_259' title='bbox 258 4101 280 4186; x_wconf 32' lang='lat'><strong>“⁸</strong></span> <span class='ocrx_word' id='word_1_260' title='bbox 291 4095 350 4174; x_wconf 85' lang='lat' dir='ltr'><strong>leg.</strong></span> <span class='ocrx_word' id='word_1_261' title='bbox 376 4093 439 4174; x_wconf 82' lang='grc' dir='ltr'>εἶφ’,</span> <span class='ocrx_word' id='word_1_262' title='bbox 463 4097 550 4174; x_wconf 79' lang='grc' dir='ltr'>ὄραν’,</span> <span class='ocrx_word' id='word_1_263' title='bbox 575 4100 653 4177; x_wconf 80' lang='grc' dir='ltr'><strong>εὑρ.”</strong></span> <span class='ocrx_word' id='word_1_264' title='bbox 673 4103 711 4160; x_wconf 82' lang='lat' dir='ltr'><strong>R.</strong></span> <span class='ocrx_word' id='word_1_265' title='bbox 725 4104 783 4174; x_wconf 83' lang='lat' dir='ltr'><strong>B.;</strong></span> <span class='ocrx_word' id='word_1_266' title='bbox 837 4105 1005 4182; x_wconf 60' lang='lat' dir='ltr'><strong>sooiptim</strong></span> <span class='ocrx_word' id='word_1_267' title='bbox 1022 4100 1367 4242; x_wconf 48' lang='lat' dir='ltr'><strong>cuxoipcrcfflrurr’pw-</strong></span> 
     </span>
     <span class='ocr_line' id='line_1_37' title="bbox 257 4175 1365 4250; baseline 0.011 -19"><span class='ocrx_word' id='word_1_268' title='bbox 257 4194 298 4233; x_wconf 78' lang='lat' dir='ltr'><strong>sle</strong></span> <span class='ocrx_word' id='word_1_269' title='bbox 320 4175 414 4236; x_wconf 84' lang='lat' dir='ltr'><strong>Codd·</strong></span> <span class='ocrx_word' id='word_1_270' title='bbox 438 4177 513 4237; x_wconf 70' lang='lat' dir='ltr'><strong>Bas.</strong></span> <span class='ocrx_word' id='word_1_271' title='bbox 535 4193 564 4238; x_wconf 85' lang='lat' dir='ltr'><strong>et</strong></span> <span class='ocrx_word' id='word_1_272' title='bbox 586 4201 661 4240; x_wconf 80' lang='lat' dir='ltr'><strong>unus</strong></span> <span class='ocrx_word' id='word_1_273' title='bbox 680 4183 733 4240; x_wconf 84' lang='lat' dir='ltr'><strong>Br.</strong></span> <span class='ocrx_word' id='word_1_274' title='bbox 755 4197 784 4242; x_wconf 83' lang='lat' dir='ltr'><strong>ct</strong></span> <span class='ocrx_word' id='word_1_275' title='bbox 836 4189 926 4243; x_wconf 71' lang='grc' dir='ltr'>ταῖσιν</span> <span class='ocrx_word' id='word_1_276' title='bbox 940 4185 1045 4250; x_wconf 75' lang='grc' dir='ltr'>πύλαις</span> <span class='ocrx_word' id='word_1_277' title='bbox 1065 4187 1184 4243; x_wconf 79' lang='grc' dir='ltr'><strong>Πολλοί.</strong></span> <span class='ocrx_word' id='word_1_278' title='bbox 1220 4184 1273 4243; x_wconf 81' lang='lat' dir='ltr'><strong>Ar.</strong></span> <span class='ocrx_word' id='word_1_279' title='bbox 1321 4205 1365 4245; x_wconf 82' lang='lat' dir='ltr'><strong>tte.</strong></span> 
     </span>
     <span class='ocr_line' id='line_1_38' title="bbox 257 4253 1364 4342; baseline 0.005 -26"><span class='ocrx_word' id='word_1_280' title='bbox 257 4253 397 4342; x_wconf 64' lang='lat' dir='ltr'><strong>Ruperat,</strong></span> <span class='ocrx_word' id='word_1_281' title='bbox 426 4258 476 4334; x_wconf 86' lang='lat' dir='ltr'><strong>qui</strong></span> <span class='ocrx_word' id='word_1_282' title='bbox 502 4257 577 4318; x_wconf 79' lang='lat' dir='ltr'><strong>infra</strong></span> <span class='ocrx_word' id='word_1_283' title='bbox 601 4265 670 4320; x_wconf 82' lang='lat'><strong>503.</strong></span> <span class='ocrx_word' id='word_1_284' title='bbox 697 4267 715 4294; x_wconf 79' lang='lat'><strong>‘⁶</strong></span> <span class='ocrx_word' id='word_1_285' title='bbox 730 4283 783 4339; x_wconf 80' lang='lat' dir='ltr'><strong>pro</strong></span> <span class='ocrx_word' id='word_1_286' title='bbox 836 4269 904 4324; x_wconf 73' lang='lat'><strong>331.</strong></span> <span class='ocrx_word' id='word_1_287' title='bbox 921 4265 1000 4334; x_wconf 71' lang='grc' dir='ltr'>ἀλλ’,</span> <span class='ocrx_word' id='word_1_288' title='bbox 1019 4266 1104 4340; x_wconf 78' lang='grc' dir='ltr'><strong>ὁρᾶτ’,</strong></span> <span class='ocrx_word' id='word_1_289' title='bbox 1118 4262 1194 4324; x_wconf 74' lang='grc' dir='ltr'><strong>οὕτω</strong></span> <span class='ocrx_word' id='word_1_290' title='bbox 1208 4267 1364 4326; x_wconf 78' lang='grc' dir='ltr'><strong>πέπαυσθι.</strong></span> 
     </span>
     <span class='ocr_line' id='line_1_39' title="bbox 258 4333 1366 4424; baseline 0.005 -25"><span class='ocrx_word' id='word_1_291' title='bbox 258 4333 326 4408; x_wconf 70' lang='grc' dir='ltr'><strong>ὁρᾷς</strong></span> <span class='ocrx_word' id='word_1_292' title='bbox 359 4337 432 4394; x_wconf 83' lang='lat' dir='ltr'><strong>sorte</strong></span> <span class='ocrx_word' id='word_1_293' title='bbox 463 4339 646 4399; x_wconf 84' lang='lat' dir='ltr'><strong>scribendum</strong></span> <span class='ocrx_word' id='word_1_294' title='bbox 678 4341 783 4417; x_wconf 72' lang='grc' dir='ltr'><strong>ὁρᾷτ’.”</strong></span> <span class='ocrx_word' id='word_1_295' title='bbox 833 4343 923 4420; x_wconf 84' lang='lat' dir='ltr'><strong>(conf.</strong></span> <span class='ocrx_word' id='word_1_296' title='bbox 934 4344 1112 4424; x_wconf 81' lang='lat' dir='ltr'><strong>Vesp.45.).</strong></span> <span class='ocrx_word' id='word_1_297' title='bbox 1136 4344 1205 4406; x_wconf 83' lang='lat' dir='ltr'><strong>Pac.</strong></span> <span class='ocrx_word' id='word_1_298' title='bbox 1222 4349 1291 4404; x_wconf 86' lang='grc'><strong>891.</strong></span> <span class='ocrx_word' id='word_1_299' title='bbox 1313 4349 1332 4378; x_wconf 86' lang='grc'><strong>“</strong></span> <span class='ocrx_word' id='word_1_300' title='bbox 1346 4345 1366 4404; x_wconf 94' lang='lat' dir='ltr'><strong>l.</strong></span> 
     </span>
     <span class='ocr_line' id='line_1_40' title="bbox 258 4413 1365 4506; baseline 0.014 -35"><span class='ocrx_word' id='word_1_301' title='bbox 258 4413 368 4474; x_wconf 87' lang='lat' dir='ltr'><strong>“Solet</strong></span> <span class='ocrx_word' id='word_1_302' title='bbox 386 4415 458 4475; x_wconf 86' lang='lat' dir='ltr'><strong>illud</strong></span> <span class='ocrx_word' id='word_1_303' title='bbox 475 4420 545 4494; x_wconf 73' lang='grc' dir='ltr'><strong><em>ὁρᾶς</em></strong></span> <span class='ocrx_word' id='word_1_304' title='bbox 563 4421 605 4480; x_wconf 85' lang='lat' dir='ltr'><strong>sic</strong></span> <span class='ocrx_word' id='word_1_305' title='bbox 618 4441 636 4478; x_wconf 76' lang='lat' dir='ltr'><strong>a</strong></span> <span class='ocrx_word' id='word_1_306' title='bbox 650 4419 782 4500; x_wconf 77' lang='lat' dir='ltr'><strong>Tragicis</strong></span> <span class='ocrx_word' id='word_1_307' title='bbox 833 4423 909 4503; x_wconf 76' lang='grc' dir='ltr'><strong>ὁρᾶτ’</strong></span> <span class='ocrx_word' id='word_1_308' title='bbox 929 4427 991 4488; x_wconf 74' lang='lat' dir='ltr'><strong>dns.</strong></span> <span class='ocrx_word' id='word_1_309' title='bbox 1010 4425 1055 4487; x_wconf 76' lang='lat' dir='ltr'><strong>vel</strong></span> <span class='ocrx_word' id='word_1_310' title='bbox 1079 4427 1164 4506; x_wconf 69' lang='grc' dir='ltr'><strong><em>ὁρᾶτε</em></strong></span> <span class='ocrx_word' id='word_1_311' title='bbox 1183 4425 1365 4488; x_wconf 67' lang='lat' dir='ltr'><strong>foenerem</strong></span> 
     </span>
    </p>
   </div>
   <div class='ocr_carea' id='block_1_7' title="bbox 0 0 1486 4950">
    <p class='ocr_par' dir='ltr' id='par_1_11' title="bbox 0 0 1486 4950">
     <span class='ocr_line' id='line_1_41' title="bbox 0 0 1486 4950; baseline 0 6"><span class='ocrx_word' id='word_1_312' title='bbox 0 0 1486 4950; x_wconf 95' lang='lat' dir='ltr'><strong> </strong></span> 
     </span>
    </p>
   </div>
  </div>
 </body>
</html>
