3032 4958
475 1000 878 1086 SECTIONUM
918 1000 1173 1085 TITULI.

750 1302 897 1343 -φ-

309 1544 339 1611 1.
364 1543 647 1610 Eununarrouns
662 1541 792 1610 selectae
805 1542 838 1608 in
853 1540 1089 1608 Terentianum
1098 1539 1267 1618 Maurum,
1282 1563 1316 1628 p.
1338 1543 1367 1608 l.

291 1702 338 1770 11.
361 1701 600 1770 Oxoniensium
628 1699 764 1765 Pindari
792 1698 953 1766 editorum
988 1699 1182 1766 desideratae
1214 1703 1366 1786 ακριβειας

404 1810 577 1896 specimen,
593 1831 626 1896 p.
643 1809 686 1873 33
698 1809 805 1877 =62.

273 1967 338 2036 111.
359 1967 451 2038 Vera
472 1968 629 2051 sermonis
650 1967 761 2034 Graeci
780 1969 977 2036 enunciatio.
1020 1969 1221 2038 Futurorum
1235 1970 1367 2040 Attico-

400 2099 474 2144 rum
506 2078 549 2143 ab
574 2077 694 2144 ionicis
717 2079 907 2145 variantium
940 2079 1090 2168 analogia
1120 2091 1154 2148 et
1185 2079 1365 2149 consilium.

402 2187 563 2253 Diversus
599 2189 769 2254 modorum
806 2191 1004 2276 subjunctivi
1037 2203 1071 2257 et
1105 2193 1241 2279 optativi
1273 2215 1365 2259 usus.

403 2295 544 2362 Errores
573 2321 593 2362 a
620 2319 746 2385 nupero
775 2298 964 2366 Callimachi
993 2301 1119 2368 editore
1146 2302 1179 2367 in
1209 2301 1365 2388 syllabica

400 2407 604 2494 quarundam
613 2429 729 2474 vocum
743 2409 923 2494 quantitate
934 2409 1076 2476 admissi.
1108 2408 1364 2476 Emendationes

400 2517 435 2582 in
449 2515 691 2598 Callimachum,
704 2541 737 2605 p.
750 2519 795 2584 69
806 2547 847 2573 =
858 2519 931 2585 109.

273 2673 336 2744 lv.
358 2674 574 2744 Consonantis
599 2679 666 2745 sive
691 2679 920 2766 adspirationis
942 2699 1021 2757 vav,
1044 2685 1144 2765 prout
1164 2677 1197 2742 in
1213 2697 1361 2741 sermone

404 2787 583 2856 Homerico
598 2790 777 2868 obtinebat,
802 2791 930 2856 virtutis
954 2811 1027 2856 cum
1049 2788 1270 2876 prosoediaoae
1291 2795 1361 2888 tum

402 2897 579 2985 analogicae
602 2901 774 2986 specimen,
789 2923 823 2986 p.
842 2902 905 2967 110
915 2929 957 2954 =
972 2901 1045 2966 177.

291 3056 336 3127 V.
358 3056 488 3126 lctuum
510 3057 576 3123 sive
601 3068 794 3124 accentuum
816 3055 900 3122 ratio
925 3081 945 3122 a
962 3057 1070 3144 poetis
1083 3055 1204 3124 Atticis
1218 3067 1359 3122 servata.

402 3167 656 3235 Emendationes
670 3167 798 3234 selectae
812 3168 846 3232 in
860 3165 1003 3254 singulas
1021 3163 1252 3250 Aristophanis
1266 3161 1362 3229 labu·
1386 3249 1390 3259 ι

398 3278 458 3344 las.
492 3278 719 3344 Emendantur
729 3279 763 3344 in
774 3287 961 3344 transcursu
969 3274 1157 3383 Euripides,
1166 3270 1360 3359 Sophocles,

399 3388 588 3476 AEschylus,
603 3411 637 3475 p.
652 3389 763 3454 188=
774 3388 851 3454 353.

356 3546 552 3631 Arearum,
567 3571 600 3638 p.
614 3549 690 3616 617.
