3096 4932
677 381 754 454 aot

47 615 57 626 ·
153 571 282 665 βαιιειιν
315 573 464 646 κελευθον
506 601 558 646 και
590 569 679 652 darno
721 601 761 647 τα
800 573 899 668 mo
933 576 1005 671 ιιγιι
1047 602 1130 648 κατα
1161 573 1261 657 duim.
1303 589 1350 646 m

156 671 281 756 Quem
311 671 358 746 ad
375 667 502 745 locum
529 667 845 758 editoreruditus
873 680 897 711 “
917 671 977 745 Ex
994 672 1115 748 veteri
1145 675 1263 750 Poeta
1283 660 1361 710 m

156 780 179 812 ‘¹
197 771 397 870 desumpta
419 793 501 844 esse
522 768 602 842 haec
628 767 712 868 ipse
730 769 851 868 stylus
874 771 1091 871 planissime
1109 771 1261 848 indicat.
1276 761 1377 786 ''¹''

154 880 178 912 “
196 872 326 947 Metro
341 873 469 969 itaque
487 893 557 944 suo
576 867 629 944 sic
646 869 850 945 restituas:
1234 883 1237 890 ’

255 1029 278 1062 “
294 1057 543 1078 ----*-·
560 1021 590 1092 dc
607 1027 735 1114 ιιψοφου

258 1127 280 1159 “
299 1125 427 1193 Βαινων
444 1122 596 1192 κελευθον
614 1150 674 1192 κατ
693 1121 784 1203 deror
801 1155 840 1194 ro
857 1121 941 1203 dvor'
960 1155 1040 1222 αγει.

156 1266 303 1350 “Quid
337 1265 440 1342 enim
484 1264 557 1340 sibi
591 1264 727 1341 volunt
764 1271 844 1352 ΚΑΙ
875 1271 1052 1350 ΔΙΚΗΣῩ
1104 1269 1265 1350 Sensum

155 1367 177 1414 ³
196 1375 218 1408 “
235 1365 338 1440 haud
357 1366 474 1439 dubie
491 1373 531 1440 et
555 1364 891 1441 Constructionem
908 1366 1020 1442 simul
1038 1372 1354 1468 perturbantem
1373 1447 1383 1458 ,

155 1474 181 1608 Σ
198 1485 353 1641 plrorsus
366 1474 407 1541 et
420 1465 603 1551 officiunt,
618 1487 704 1562 quoe
717 1465 797 1541 sine
811 1466 865 1542 eis
879 1467 1023 1565 optime
1037 1469 1261 1570 procedunt.

238 1590 283 1641 oc
298 1590 388 1658 vero
406 1575 531 1640 tatum
544 1565 738 1664 fixumque
754 1563 817 1654 sit,
832 1571 911 1642 ΚΑΙ
929 1573 1094 1657 Aluna,
1110 1575 1149 1644 et
1166 1565 1263 1643 ΚΑΤ

155 1673 179 1708 “
195 1671 347 1742 ΔΙΚΗΝ
391 1673 595 1765 utrumque
628 1665 741 1740 simul
776 1689 854 1742 non
887 1691 1000 1766 posse
1034 1669 1264 1754 consistere;

155 1767 360 1842 “alterum
380 1790 472 1843 vero
499 1769 547 1842 ab
575 1765 708 1854 altero,
740 1767 869 1842 nescio
899 1769 1104 1864 quomodo,
1129 1775 1265 1842 natum

155 1874 179 1908 “
196 1889 277 1942 esse
311 1868 507 1943 arbitror.”
570 1865 822 1944 Doctissimus
857 1878 985 1942 antem
1015 1865 1264 1948 Marklandus

14 2025 15 2032 ι
155 1975 180 2008 “
195 1967 288 2042 ibid.
317 1971 495 2066 αγλωσσος
519 1967 586 2064 ων]
608 1966 1040 2068 Distingue-aydoaoooc
1058 2003 1116 2057 ων,
1140 1967 1265 2064 (parvare

14 2123 15 2132 ,
156 2075 181 2210 ⁴:
198 2073 584 2243 ἔρ-ΙκαῶΣξῖΙΙΣὲὶ
592 2069 986 2242 θνέἷγαὸἐεὸῗιτὲδικην)
1005 2099 1106 2242 μιονιιυ
1123 2070 1265 2242 dphpoom

156 2178 168 2208 ‘
238 2194 271 2242 o.
321 2193 339 2241 s
863 2191 1015 2243 ·c.sun
1058 2191 1106 2243 ex
1215 2187 1266 2239 uo

156 2276 180 2308 “
199 2267 376 2366 Tragico,
399 2268 548 2366 opinor,
572 2267 757 2368 Sophocle
764 2270 793 2368 ⁷,
814 2276 855 2344 et
880 2267 929 2344 ad
947 2290 1123 2346 numeros
1140 2191 1268 2345 itaqre·

157 2375 182 2408 “
199 2367 288 2442 duci
305 2377 478 2468 possunt,
1263 2417 1267 2424 -

259 2516 284 2548 “
302 2545 554 2568 ---—·-
575 2537 628 2578 και
644 2507 675 2578 δι
690 2514 817 2600 αψοφου
1123 2587 1128 2594 .

259 2615 281 2648 “
300 2611 429 2692 Βαιγων
446 2608 597 2679 κελευθον
615 2637 669 2678 και
686 2607 775 2687 doxae
792 2639 831 2677 τα
860 2603 944 2688 θνητ’
963 2639 1060 2706 oyes..
1087 2599 1090 2610 ¹

157 2768 179 2801 ‘⁴
197 2792 278 2832 κατιι
298 2761 397 2841 discor.
452 2758 593 2832 Sensus
617 2756 766 2856 respuit
782 2759 930 2828 ΔΙΚΗΣ
956 2761 1078 2830 ΚΑΤΑ
1103 2759 1266 2834 ΔΙΚΗΝ.

158 2867 182 2900 “
199 2859 300 2934 Puto
320 2865 461 2933 ΣΙΓΗΣ
473 2881 608 2933 verum
623 2881 718 2943 esse,
734 2865 773 2931 et
786 2857 987 2930 Auctorem
1001 2856 1173 2954 prosaice
1185 2857 1267 2936 haec

161 2967 182 3000 “
199 2958 414 3056 protulisse,
440 2957 552 3032 simul
572 2957 743 3032 alludens
763 2957 809 3052 [l.
828 2956 1068 3050 alludentem]
1086 2957 1135 3031 ad
1151 2958 1268 3034 istum

156 3067 180 3101 “
198 3060 328 3134 Poetae
350 3057 509 3134 locum.”
536 3058 637 3132 Mihi
654 3081 778 3155 neque
795 3089 876 3130 aava
893 3059 993 3144 δικην,
1017 3081 1088 3132 nec
1106 3071 1197 3132 vero
1213 3088 1270 3132 και

158 3161 249 3243 &aaa
263 3169 517 3256 congruenter
526 3158 589 3232 hic
603 3156 733 3232 haberi
747 3157 909 3232 videtur.
963 3159 1152 3232 Neutrum
1163 3167 1286 3232 certe-

158 3260 206 3334 ad
224 3270 505 3357 argumentum,
532 3259 574 3332 in
601 3283 677 3356 quo
703 3267 875 3334 versetur
899 3257 1136 3343 Plutarchus,
1154 3257 1265 3354 quid-

159 3384 273 3457 quam
291 3369 452 3460 spectat.
506 3359 631 3434 Docet
659 3359 793 3455 utique
815 3357 1065 3456 philosophus
1084 3354 1266 3432 Crocodi-

159 3460 239 3534 lnm
261 3461 429 3534 numinis
455 3460 622 3558 supremi
640 3459 788 3532 duabus
815 3457 1004 3531 decausis
1023 3489 1140 3549 μιμημα
1159 3477 1241 3529 esse
1254 3481 1265 3542 ς

158 3561 283 3660 primo
313 3561 446 3656 ulique
476 3585 533 3650 eo,
563 3559 668 3656 quod
697 3557 747 3632 sit
770 3560 944 3655 αγλωσσος
958 3555 984 3592 ⁸¹
1012 3554 1091 3628 slve
1109 3573 1265 3648 αφωνος;

159 3660 310 3746 deinde,
326 3661 429 3758 quod
445 3684 513 3759 per
537 3659 794 3734 membranam
811 3653 1044 3754 perlucidam
1062 3653 1182 3730 oculis
1199 3655 1265 3730 ob·

161 3762 313 3838 ductam
328 3773 470 3847 cernat,
487 3762 579 3836 dum
597 3759 679 3855 ipse
694 3754 847 3830 interim
863 3778 941 3830 non
953 3764 1137 3830 cernatur.
1190 3755 1268 3830 Sed

159 3883 282 3959 neque
298 3861 425 3961 placet
441 3862 545 3960 quod
563 3858 687 3934 voluit
704 3854 857 3932 doctiss.
884 3855 1129 3931 Marklandns
1147 3881 1263 3956 σιγηςς

525 4039 538 4082 ⁷
555 4033 657 4120 [Eur.
672 4033 796 4100 Troad.
813 4031 903 4118 882]

201 4253 249 4310 82.
271 4247 341 4308 Hoc
360 4249 469 4307 sactum
491 4245 605 4306 lubrica
629 4243 688 4302 lide
739 4242 868 4304 adidem
883 4241 1085 4312 stabiliendum
1098 4237 1206 4316 aliquid
1214 4235 1267 4298 fir-
1390 4206 1395 4220 Ι

157 4329 274 4401 nidmu
305 4329 438 4408 quamvis
465 4346 503 4386 ex
541 4323 686 4386 Herodot.
740 4324 880 4388 momenti
891 4322 1044 4388 memmio
1057 4319 1198 4382 rideatur·

160 4430 192 4484 ιι,
208 4415 256 4471 68.
278 4421 309 4470 at
332 4408 455 4469 Aristot
472 4405 514 4466 H.
528 4405 568 4466 A.
588 4425 624 4481 ιι,
637 4409 686 4466 10.

724 4513 770 4584 10
