3032 4958
519 404 730 458 runrarro.
1087 385 1178 462 *xiii

85 590 363 684 perscrutatur,
397 581 571 672 trutinat,
603 575 756 671 elimat3
794 605 841 661 ex
872 581 931 660 his
964 583 1183 686 archetypis

87 734 217 787 earum
241 711 513 788 certitudinem
542 709 666 786 firmat
695 705 1023 806 determinatque;
1051 718 1091 786 et
1117 711 1184 784 ad·

88 837 168 910 dam
194 837 373 924 fidenter,
397 836 430 910 si
455 835 638 935 temporis
668 833 765 910 serie
795 833 843 906 ab
870 831 918 907 iis
943 833 1182 941 deflectatur,

88 971 197 1059 prout
226 985 299 1038 sua
324 952 526 1066 quemque
540 959 615 1035 fert
640 957 784 1044 libido,v
800 962 841 1031 et
867 957 1018 1038 easdem
1045 957 1182 1035 desue-

88 1083 216 1160 tudine
243 1083 324 1159 labi
354 1092 470 1181 atque
497 1083 699 1159 concidere
732 1081 843 1159 facile
871 1067 1075 1180 patiamur,
1100 1106 1181 1192 om-

89 1231 170 1282 uem
202 1207 408 1305 paullatim
441 1207 683 1305 antiquitatis
719 1196 885 1285 colorem
919 1229 1002 1283 esse
1036 1206 1181 1305 paritu-

91 1331 345 1406 mm.—Haec
378 1333 498 1408 sectio
533 1333 581 1408 ad
623 1353 748 1409 scenae
787 1331 928 1408 Atticae
967 1330 1183 1431 fragmenta

91 1455 256 1530 Poasorvr
290 1455 441 1532 aditum
475 1459 734 1556 praemunivit,
772 1465 813 1532 et
838 1456 887 1532 ad
919 1455 1184 1554 praestantiora

94 1581 219 1668 dunit;
238 1589 290 1656 ut
306 1581 456 1680 exejus
473 1583 805 1660 emendationibus
823 1583 872 1660 ad
889 1581 1184 1681 Aristophanem

95 1706 169 1782 viro
180 1705 412 1782 amicissimo
425 1708 662 1786 demandatis
674 1708 783 1786 brevi
801 1706 893 1782 satis
912 1707 1147 1806 comparebit
1156 1704 1182 1782 ⁶.

97 1828 148 1904 De
165 1829 337 1928 lhagicis
355 1831 516 1908 verbum
540 1856 617 1909 non
640 1833 800 1918 addam}
827 1830 957 1932 quoles
980 1855 1044 1906 oos
1061 1825 1184 1906 dmum

93 1953 190 2028 donna
203 1956 543 2055 Antehccsua‘ase:
565 1955 840 2032 taleacamsict
853 1955 1056 2055 reliquias
1107 1953 1183 2030 Sed

96 2081 201 2156 Attici
226 2081 418 2156 sermonis
435 2080 639 2158 sanitatem
654 2080 927 2181 pervestigare,
947 2088 986 2155 et
1002 2087 1182 2156 venusta·

96 2213 146 2282 tes
161 2206 226 2282 diu
243 2207 398 2282 abditas
415 2207 456 2282 in
472 2207 600 2282 lucem
616 2203 959 2306 depromere-hic·
969 2204 1089 2293 labor,
1109 2203 1184 2279 hoc

95 2353 182 2429 opus
212 2341 295 2408 est:
335 2332 385 2404 Σὺ
404 2333 468 2425 Ιμὲν
502 2330 699 2427 (Studiose
724 2331 861 2424 lector)
889 2330 1001 2426 βάδιζε
1035 2332 1095 2414 τὰς
1131 2329 1182 2406 ἐπ’

95 2453 218 2556 'laipno
246 2458 345 2554 ῥοῖις,
371 2459 419 2530 Σὺ
437 2455 485 2534 ,δ’
515 2455 593 2552 cippi
624 2456 744 2552 Θῆβας
778 2457 882 2555 στεῖχε
904 2458 971 2538 ιτὰς
1002 2455 1181 2550 Kudpmiac.

97 2577 264 2660 Quidde
282 2577 446 2654 Comico
473 2579 514 2653 in
542 2580 780 2679 argumentis
802 2579 1011 2656 admodum
1028 2579 1197 2667 vitioso,

96 2702 155 2776 sod
169 2702 325 2802 ingenio
343 2714 384 2780 et
399 2704 580 2781 facundia
597 2702 846 2788 nobilissimo,
873 2701 942 2799 qui
961 2701 1088 2776 omnia
1103 2710 1195 2806 tam-

99 2836 213 2903 sancta
226 2853 349 2928 quam
369 2829 530 2929 prolana
546 2828 746 2906 sententiis
763 2826 1078 2926 inquinatissimis
1096 2851 1184 2903 con·

101 2973 280 3049 spurcasse
300 2953 517 3052 gloriaturi
569 2956 722 3032 Fabulae
740 2953 836 3028 adeo
852 2951 961 3050 poesi
980 2959 1019 3026 et
1033 2950 1197 3051 sapien,

99 3075 154 3164 tia,
175 3080 280 3156 velut
297 3079 460 3155 stellulis
491 3080 721 3177 quibusdam
742 3075 805 3152 hic
835 3075 914 3152 illic
931 3075 1183 3153 emicantibus

99 3199 368 3293 insterstiuctae,
404 3193 567 3279 subinde
595 3203 793 3300 effulgent,
828 3212 873 3276 ut
902 3201 984 3278 illas
1014 3203 1183 3280 Platonis

99 3325 334 3404 admiratione
352 3328 487 3428 dignas
514 3327 599 3426 quis
629 3329 867 3425 denegaret?
919 3327 1057 3404 Nullus
1075 3329 1181 3428 equi-

100 3449 173 3526 dem
199 3452 338 3530 dubito
365 3455 459 3551 quin
488 3451 601 3528 multi
636 3451 737 3550 apud
771 3452 1036 3544 Athenienses,
1076 3453 1183 3551 “qui

100 3575 262 3654 nihilnisi
274 3576 475 3676 pudicum,
491 3575 586 3651 nihil
597 3575 671 3650 nisi
685 3600 733 3652 ex
745 3577 893 3676 optimo
905 3601 1011 3654 more
1025 3587 1065 3654 et
1076 3602 1184 3656 sanc·

99 3698 229 3776 tissima
259 3699 482 3801 disciplina”
520 3703 763 3790 exercebant,
788 3704 856 3801 qui
888 3703 986 3779 vitas
1014 3729 1101 3780 suas
1133 3705 1183 3781 ad

101 3825 250 3902 nobilem
278 3827 384 3902 iham
411 3848 457 3900 ac
482 3847 590 3926 pane
607 3825 776 3900 divinam
804 3825 1109 3906 exhortationem
1134 3831 1183 3906 ab

135 4140 160 4194 t.
180 4135 267 4196 Brevi
288 4148 391 4216 postea
408 4135 438 4196 iu
462 4153 566 4195 manus
588 4135 768 4218 eruditorum
789 4150 931 4198 venerunt
951 4137 1083 4201 chauor
1105 4139 1183 4200 Pon·

106 4255 157 4298 sorr
173 4241 262 4301 Notoe
280 4241 312 4299 ia
327 4240 564 4320 Aristophanem,
585 4241 683 4322 quibus
703 4240 822 4300 Plutum
840 4242 1002 4302 comoediam
1018 4245 1129 4324 partim
1149 4265 1185 4305 ea

103 4343 205 4417 quidm
230 4343 396 4416 recanere,
423 4344 534 4424 partim
558 4365 574 4404 a
604 4346 804 4428 manuscriptis
838 4348 1012 4408 emendatam
1038 4360 1066 4410 et
1099 4351 1187 4410 acriis

24 4509 26 4538 Ι
104 4443 246 4510 Acusilas
261 4449 428 4509 instructam
447 4449 598 4530 promisit,
621 4462 649 4512 et
674 4451 863 4512 Collatiam
881 4450 1064 4534 appendicem
1084 4455 1188 4538 adscit
