3032 4958
562 423 776 476 rnnrnrro.
1078 403 1220 478 *xxxix
1362 501 1367 510 Ι

95 597 319 675 adnotavit.
376 600 423 674 Si
451 597 707 678 eruditissimo
734 611 773 678 et
807 602 1080 679 humanissimo
1115 603 1223 692 Viro,

95 723 141 796 J.
159 725 236 800 Fr.
257 725 531 815 Boieaonadiq
553 734 614 801 tot
634 726 828 825 tantisque
852 727 1018 826 negotiis
1042 728 1224 821 distento,

99 848 232 937 liceat,
262 857 310 924 ut
343 873 502 948 operam
532 875 642 926 suam
670 853 712 926 in
739 853 965 929 veneraudae
982 853 1223 952 antiquitatis
1283 841 1285 846 ¹

101 975 347 1049 membranis
376 975 654 1051 Parisiensibus
679 978 795 1076 regiis
820 985 961 1054 “1807
989 979 1098 1074 (olim
1115 985 1165 1053 94
1183 988 1223 1055 et

104 1098 255 1195 2087)'’
287 1106 399 1174 extra
427 1100 569 1176 notatis
602 1112 773 1191 navaret,
810 1112 851 1178 et
884 1103 1113 1180 variantium
1146 1103 1223 1180 lec-

105 1223 266 1297 tionum
285 1225 507 1322 congeriem
524 1224 658 1300 eadem
671 1251 762 1302 cura
778 1228 990 1328 praestitam
1004 1229 1141 1304 exinde
1157 1230 1222 1304 de-

109 1357 323 1446 promeret,
339 1371 428 1422 cum
447 1348 557 1424 bonis
582 1351 759 1428 omnibus
784 1376 972 1428 summam
999 1353 1112 1429 inibit
1135 1377 1222 1452 gra·

110 1470 220 1546 tiam.
238 1471 434 1546 Videntur
446 1471 487 1547 hi
502 1473 677 1565 Codices,
692 1484 877 1574 quantum
890 1477 1114 1575 conjectura
1125 1501 1224 1553 asse-

111 1596 183 1694 qui
193 1619 368 1694 possum,
376 1619 424 1671 ex
436 1620 511 1672 uno
522 1597 733 1698 eodemque
743 1599 850 1676 fonte
861 1602 1024 1677 derivati
1034 1611 1149 1700 atque
1160 1602 1225 1678 de-

115 1726 267 1825 scripti;
285 1751 331 1800 ac
346 1726 379 1800 si
394 1727 559 1825 Dialogi,
573 1726 738 1826 Hippias
753 1734 928 1824 uterque,
944 1727 1000 1816 Io,
1013 1736 1053 1802 et
1066 1727 1226 1802 Menex-

114 1875 213 1926 enus
236 1859 307 1926 aut
323 1853 397 1926 sub
413 1851 528 1928 finem
543 1851 928 1942 Clarkio-Bodleiani,
944 1861 1012 1927 aut
1025 1851 1136 1926 initio
1151 1853 1225 1928 Co-

110 1975 212 2050 dicis
227 1976 456 2051 Parisiensis
472 1977 762 2076 superfuissent,
785 2000 927 2075 corpus
946 1976 1092 2075 oppido
1110 1998 1227 2073 quam

116 2101 334 2200 pretiosum
353 2102 564 2177 lectionum
584 2103 869 2179 Platonicorum
887 2101 1149 2178 conficeretur.

167 2227 288 2311 Quod
311 2226 361 2302 ad
388 2227 536 2302 reculas
562 2249 665 2302 meas
682 2227 834 2316 attinet,
859 2227 992 2327 paucis
1016 2226 1227 2324 expediam.

117 2351 345 2427 Scribebam
374 2375 452 2427 non
483 2350 646 2427 docendi
672 2353 815 2442 studio,
840 2353 907 2427 sed
932 2350 1108 2450 promissi
1138 2373 1228 2426 reus

114 2475 261 2564 factus,
276 2477 381 2575 quod
405 2478 573 2566 demum,
599 2485 797 2576 utcunque
825 2477 949 2576 potui,
973 2474 1106 2551 sedulo
1132 2499 1228 2574 prm-

116 2599 220 2676 stiti.
271 2601 411 2675 Multis
430 2609 470 2674 et
496 2601 647 2700 maguis
665 2601 767 2678 curis
784 2600 952 2676 distento
970 2600 1121 2675 animus
1138 2623 1229 2676 cou-

115 2726 289 2814 cidebat,
305 2726 487 2823 torpebat
503 2748 662 2801 manus:
687 2723 752 2800 illa
765 2727 877 2800 bonae
893 2725 1033 2800 mentis
1048 2746 1168 2812 soror,
1189 2731 1230 2798 et

117 2849 266 2948 saepius
292 2849 574 2924 contubernal‘n
594 2849 762 2947 cogitata
778 2848 1000 2947 perficiendi
1027 2847 1230 2924 consilium

121 2973 290 3071 disjecit,
300 2975 480 3074 inquam?
505 2998 553 3050 an
566 2976 695 3075 potius
709 2973 958 3073 disperdidit:
987 2973 1229 3072 nequeenim

115 3109 314 3198 occupata
339 3123 470 3199 opera,
489 3123 560 3174 nec
578 3099 764 3197 impedito
790 3099 917 3175 animo
942 3123 1003 3175 res
1024 3107 1132 3174 tanta
1148 3122 1230 3174 sus·

116 3226 201 3325 cipi
217 3234 362 3324 potest.
400 3225 659 3302 Nihilominus
672 3224 932 3299 hortatoribus
949 3224 1082 3300 amicis
1100 3224 1230 3299 nescio

118 3350 319 3450 quomodo
336 3349 484 3426 animus
502 3375 585 3426 sese
604 3350 753 3448 erigens
768 3349 897 3437 telam,
924 3372 1040 3446 quam
1068 3371 1230 3424 exorsus

119 3485 193 3564 est,
215 3483 417 3576 pertexere
432 3477 628 3551 sustinuit.
681 3473 839 3548 Initium
858 3497 881 3547 a
897 3473 1033 3571 quinta
1050 3472 1230 3560 sectione,

117 3607 265 3701 utpote
283 3599 332 3674 ad
346 3599 562 3674 Atticarum
574 3620 758 3674 venerum
775 3597 1040 3672 salubritatem
1062 3596 1230 3696 perutili,
1309 3663 1316 3676 .

117 3724 354 3825 jampridem
364 3723 551 3810 feceram;
570 3733 705 3800 etmea
722 3721 881 3822 proinde
892 3721 1230 3821 quantulacunque

123 3851 170 3924 ad
200 3849 437 3949 typographi
465 3871 578 3922 usum
607 3847 892 3946 exscripseram.
946 3846 1021 3923 Sed
1039 3871 1128 3923 curn
1146 3847 1229 3922 aliis
1340 3949 1342 3954 Ι

122 3975 276 4051 excusis
293 3975 369 4050 ista
385 3995 606 4072 quaererem,
623 3995 811 4070 nusquam
830 3995 1051 4070 apparuere.
1105 3973 1231 4056 Quam

122 4099 323 4198 jacturam,
352 4097 450 4174 mihi
477 4097 636 4186 scilicet,
664 4121 743 4173 non
771 4097 993 4195 reipublice
1024 4097 1231 4185 litterariae,

125 4227 270 4319 iactam,
296 4226 408 4304 nulla
427 4223 638 4322 diligentia,
656 4221 829 4321 quamvis
847 4245 1033 4298 summam
1048 4220 1231 4298 adhibue-

121 4355 196 4448 n'm,
215 4373 412 4458 reparare
438 4360 651 4449 potueram.
705 4345 898 4447 Opposuit
928 4347 1127 4422 materiem
1154 4343 1232 4420 for·

112 4488 206 4566 tuito
221 4481 375 4588 posius
387 4474 643 4573 conquisitam
657 4497 772 4572 quarn
785 4472 882 4548 scite
893 4482 933 4548 et
948 4473 1090 4548 affabre
1107 4470 1232 4547 elabo-

96 4633 216 4708 ratam
250 4602 463 4692 festinata
493 4625 619 4702 opera.
672 4611 694 4644 “
714 4602 855 4690 Quare,
885 4599 1024 4675 Lector
1053 4598 1231 4694 benigne,
