3032 4958
609 405 823 460 rnnrsrro.
1199 391 1263 466 *iii

155 579 455 668 benevolentia,
481 581 641 660 amabile
663 585 848 661 indicium
875 587 993 684 dedit
1045 589 1141 664 Hmc
1163 591 1259 690 ipsa,

156 703 231 779 nisi
259 714 371 782 esset
393 705 508 781 unius
524 707 693 797 Bur-neit,
721 709 805 784 Viri
822 705 1045 798 Clarissimi,
1075 735 1150 811 ope
1172 711 1255 788 vin·

155 829 299 919 dicata,
308 840 360 908 ut
372 833 456 908 aliae
473 832 634 910 fortasse
646 836 792 922 multae,
803 834 1005 910 reticentia
1016 845 1257 932 posterorum

153 955 359 1056 insepulta
375 969 490 1033 esset
542 958 641 1035 Vide
654 959 828 1060 Append,
847 957 897 1032 ad
911 956 1079 1032 Ricardi
1090 959 1256 1036 Bentleii

153 1080 381 1159 Commerc
389 1083 515 1183 Epist.
527 1109 593 1184 pp.
605 1090 819 1160 319-2-330.
841 1084 937 1158 Haeo
947 1082 1121 1183 epistola,
1137 1109 1253 1183 quam

153 1204 193 1280 in
220 1206 457 1308 Appendice
487 1209 725 1300 exhibemus,
754 1208 857 1298 anui,
893 1209 1093 1307 quo‘data
1108 1209 1249 1300 tuerit,

152 1329 301 1405 nullam
332 1339 465 1406 notam
481 1329 648 1429 praefert

23 1467 24 1472 ‘
202 1461 323 1532 1745.
376 1455 624 1532 Miscellaaen
656 1455 801 1532 Critico
837 1457 1107 1556 Cantabrigiae,
1144 1459 1249 1558 typis

149 1579 402 1656 Academicis
427 1603 568 1656 excusa
586 1582 628 1656 in
656 1581 825 1657 medium
851 1578 982 1656 attulit
999 1602 1075 1678 ope
1090 1579 1252 1656 Hearici

158 1704 358 1791 Habbard,
373 1705 478 1782 Α.Μ.
498 1706 595 1782 Coll.
614 1705 757 1793 umam,
773 1712 814 1780 et
834 1701 964 1778 Caroli
979 1703 1129 1791 Maeote,
1144 1703 1248 1778 A.M.

160 1829 193 1904 S.
205 1831 245 1906 S.
274 1831 388 1906 [l‘rin.
408 1830 522 1918 coll,
549 1829 759 1918 Sociorum,
784 1830 852 1929 qui
869 1830 911 1906 in
927 1852 1130 1929 operarum
1141 1829 1250 1910 ,vitiis

151 1956 395 2055 corrigendis
408 1964 545 2031 mutuo
557 1955 629 2030 sibi
642 1955 939 2054 opitulabantur.
972 1954 1058 2030 Hac
1068 1954 1118 2030 de
1129 1977 1171 2030 re
1187 1979 1249 2032 me

156 2080 359 2156 certiorem
371 2081 466 2156 fecit
475 2081 535 2155 vir
547 2078 837 2167 eruditissimus,
846 2077 1052 2152 chsnnus
1065 2078 1249 2166 ursum,

158 2204 247 2280 coll
269 2206 409 2282 Eman.
427 2206 621 2305 quondam
639 2203 828 2302 Magister
843 2203 1122 2282 celeberrimus.

203 2328 444 2417 Dawesium,
455 2338 572 2404 acuto
590 2336 630 2404 et
644 2327 858 2427 perspicaci
869 2327 1019 2426 judicio
1031 2327 1247 2427 praeditum,

160 2474 238 2528 sese
265 2453 428 2530 Bentleii
447 2453 613 2528 inimicis
636 2451 839 2542 addixisse,
864 2461 906 2529 et
928 2454 969 2530 in
994 2463 1018 2496 “
1034 2453 1109 2532 hoc
1129 2476 1248 2532 aureo

164 2574 304 2652 bbello”
326 2588 351 2621 ‘⁶
370 2578 580 2654 Britanniae
607 2579 725 2654 decus
749 2577 986 2657 immortale”
1010 2577 1248 2676 inspersisse,

161 2701 238 2778 sine
259 2703 682 2780 luctu-commemorare
699 2727 778 2778 non
793 2724 962 2802 possum.
1001 2702 1129 2776 “Huc
1145 2702 1247 2780 enim

160 2827 294 2908 reterre
323 2829 441 2917 soleo,
466 2828 571 2926 quod
597 2827 639 2902 in
668 2825 923 2904 Miscellaneis
952 2824 1123 2902 Criticis·
1140 2849 1248 2904 occa-

164 2950 301 3029 sionem
333 2953 636 3051 qualemcunque
671 2952 829 3050 arripiat
853 2951 902 3028 de
927 2951 1105 3028 laudibus
1132 2951 1247 3047 Bent7

159 3072 287 3152 leianis
323 3077 562 3164 detrahendi,
597 3076 781 3174 illumque
810 3075 927 3154 etiam
946 3076 1246 3152 ·Dissertationis

159 3199 388 3278 Phalarideae
413 3213 624 3290 auctorem,
646 3201 742 3278 nihil
768 3202 809 3277 in
840 3201 982 3278 Graecis
1007 3202 1247 3300 cognovisse,

158 3323 229 3400 nisi
256 3351 306 3403 ex
331 3327 528 3403 lndicibus
558 3326 736 3426 petitum.
789 3324 985 3401 lndicibus
1010 3327 1166 3424 quidem
1184 3327 1246 3404 vel

157 3447 328 3537 aliorum,
354 3452 417 3526 vel
434 3476 457 3526 a
474 3476 515 3528 se
533 3452 684 3551 ipsoex
701 3475 770 3528 sua
786 3449 1101 3532 Adversariorum
1119 3451 1246 3550 supel-

155 3571 279 3649 lectile
308 3575 494 3666 conlectis
528 3601 642 3654 usum
674 3576 804 3664 fuisse,
831 3574 1027 3674 probabile
1056 3583 1126 3651 est.
1192 3577 1245 3653 Et

155 3700 287 3796 quidni
303 3725 394 3778 usus
412 3702 558 3778 suerit?
611 3703 655 3776 ln
672 3725 713 3776 re
728 3700 870 3789 subtili,
895 3699 962 3774 ubi
979 3699 1143 3776 maxime
1161 3725 1242 3778 om-

147 3823 260 3900 nium
290 3825 404 3902 fallax
433 3851 516 3902 esse
542 3827 641 3902 solet
667 3825 860 3914 memoria,
888 3848 957 3900 cur
979 3827 1244 3924 exprobretur,

156 3951 257 4046 quod
274 3951 466 4026 memoriae
479 3950 702 4048 adjumento
715 3951 776 4038 sit,
793 3948 949 4025 omnino
962 3949 1102 4025 nescio.
1132 3949 1242 4027 Hauc

156 4095 246 4166 vero
273 4073 444 4150 indicum
470 4098 585 4174 opem
611 4099 723 4150 nemo
750 4077 876 4150 miuus
895 4075 1101 4163 desideret,
1128 4099 1243 4172 quam

156 4193 361 4275 Bentleius.
415 4201 467 4274 Et
483 4200 550 4298 qui
568 4201 672 4275 dieat
688 4210 886 4276 auctorem
904 4199 1136 4274 Phalarideae
1154 4199 1241 4273 Dis-

156 4323 371 4400 sertationis
395 4348 527 4416 omnes
544 4323 727 4399 doctrinm
751 4349 830 4402 suae
854 4324 984 4423 copias
1007 4324 1055 4398 ab
1072 4321 1156 4398 istis
1174 4323 1241 4398 ad-

23 4431 31 4460 '
141 4446 342 4527 miniculis
378 4448 439 4527 vel
458 4448 672 4539 bausisse,¹
691 4452 752 4525 vel
796 4450 967 4551 potuisse
1010 4446 1169 4537 etiam.
1193 4471 1241 4522 ne

671 4581 733 4650 a2
