3102 4936
175 597 265 652 suos.
284 579 456 666 ridicula,
481 578 639 668 sunda,
674 579 849 666 absurda,
880 603 925 656 nc
953 580 1124 666 barbara,
1157 599 1274 674 quam
1300 599 1389 678 qua·

174 663 275 788 E·
284 679 400 779 bujus
415 679 491 754 sint
507 679 591 762 loci.

336 835 379 901 Ω.
405 832 620 911 ‘idib-m
659 827 863 926 Μυρμιδονες
902 859 1038 909 suroca
1078 857 1204 910 ανακτι,
1238 822 1388 896 Rursus

284 932 370 1000 452.
409 935 498 1021 Αμφι
541 927 574 1000 δε
612 924 643 999 oi
681 931 828 1026 μεγαλην
867 929 972 1008 naias
1018 957 1155 1007 ποιησαν
1202 955 1316 996 uram
1332 923 1383 1016 ⁹¹]

286 1025 455 1120 Fuerunt
482 1025 583 1100 inter
611 1033 762 1104 veteres
788 1023 854 1122 qui
877 1031 1004 1098 totum
1026 1022 1128 1098 bunc
1148 1022 1287 1096 librum
1305 1019 1388 1095 Ho-

284 1147 392 1199 mero
419 1121 695 1220 abjudicarent.
764 1125 894 1220 Atque
928 1123 968 1196 in
1010 1145 1057 1197 eo
1100 1121 1256 1218 quidem
1288 1119 1391 1194 adeo

284 1225 405 1298 multa
435 1232 653 1308 occurrunt,
691 1239 855 1320 quorum
894 1221 1031 1297 similia
1065 1241 1254 1318 nusquam
1288 1217 1383 1294 olias

283 1322 469 1420 legantur,
494 1333 538 1398 ut
555 1323 749 1398 continere
773 1345 835 1396 me
861 1343 1058 1418 nequeam,
1083 1320 1177 1419 quin
1192 1318 1233 1394 in
1249 1341 1384 1394 eorum

283 1422 511 1498 sententiam
539 1423 756 1498 concedam.
810 1421 913 1495 Loca
939 1430 1080 1508 tamen,
1104 1442 1190 1518 que
1217 1418 1384 1515 descrip-

282 1519 413 1606 simus,
437 1521 486 1596 sd
510 1520 752 1599 Homericam
777 1519 884 1596 verbi
906 1520 990 1602 ἅναξ
1005 1528 1249 1618 potestatem,
1271 1517 1306 1594 si
1320 1539 1385 1592 res

282 1621 504 1719 postularet,
527 1620 631 1720 exigi
648 1628 805 1719 possent
821 1644 892 1719 pro
910 1653 1047 1704 ποιησαν
1063 1617 1262 1694 scribendo
1279 1626 1386 1692 utro-

281 1718 396 1818 bique
424 1752 614 1829 mmom,
648 1721 731 1794 Aut
760 1719 875 1796 etiam
904 1718 945 1794 in
977 1719 1102 1834 priore
1132 1741 1210 1794 uon
1239 1717 1385 1795 incom-

280 1818 392 1894 mode
407 1816 534 1914 legere
551 1841 682 1916 posses
698 1841 775 1894 non
791 1818 845 1893 ita
858 1818 1020 1893 absimlli
1036 1818 1235 1894 literarum
1249 1817 1384 1904 ductu,

280 1949 339 2001 την
369 1917 575 2016 Μυρμιδονες
605 1951 742 2002 canoas
770 1951 899 2017 αγαυοι.
925 1917 966 1994 in
994 1917 1113 1994 altero
1140 1927 1270 1992 autem
1298 1939 1384 1992 mu·

278 2023 361 2090 tato
388 2016 592 2091 Verborum
621 2017 969 2115 ordine-movpows
993 2015 1119 2092 α’νακτα
1146 2023 1294 2099 Ilossoov
1317 2048 1381 2090 n·

277 2147 403 2234 qvowr.
454 2113 571 2236 Aliud
592 2125 719 2192 tamen
742 2115 932 2214 displicet,
960 2117 1063 2214 quod
1077 2115 1283 2192 habeamus
1299 2124 1381 2213 tam

277 2213 1381 2486 aaestuantius:hietabatha

276 2452 326 2463 —
341 2434 483 2510 egere.

327 2555 405 2624 OA.
424 2553 467 2624 Ξ.
486 2553 772 2625 438.-κυ8αινε
806 2554 840 2626 ds
875 2555 977 2646 &spos
1006 2555 1171 2647 arnmot]
1210 2551 1380 2632 Verbum

192 2653 265 2726 153
276 2649 400 2722 κυδαινι
413 2649 686 2750 iuterpretatur
703 2651 905 2726 Barnesius
926 2651 1130 2738 recreabat,
1159 2654 1181 2696 ⁶
1199 2649 1378 2726 Clarhius

275 2747 496 2844 loetr'yicobct.
562 2750 624 2824 Ad
651 2750 878 2826 sententiam
907 2750 1061 2846 quidem
1088 2759 1148 2825 sat
1179 2751 1380 2826 commode

275 2856 460 3018 uterqqe;
496 2850 571 3020 selq
590 2850 638 2922 ad
668 2843 886 3023 getqmanabm
900 2851 1019 3022 ,γιέὼί
1049 2850 1151 3024 ifflqs
1180 2849 1377 3023 antiquom

274 2967 351 3019 non
377 2967 481 3019 rem.
575 2971 629 3020 aec
657 2970 707 3020 au
897 2971 910 3020 1
1360 2989 1377 3008 -

274 3041 443 3140 ponitur,
488 2971 856 3145 bonmficeaeaffipoh,
894 2971 1378 3147 gffiimolpiifebudss

274 3141 399 3237 effero,
423 3141 784 3238 morfisa-nomino.
849 3146 932 3220 Nec
960 3170 1051 3221 vero
1078 3149 1238 3224 verbum
1270 3147 1377 3226 istud

275 3261 435 3336 usquam
459 3240 550 3315 alias
571 3241 620 3316 ad
642 3243 810 3318 animum
832 3244 1006 3332 refertur,
1033 3245 1205 3344 adeoque
1224 3255 1376 3322 senten-

272 3337 337 3412 tiae
361 3338 479 3414 nihilo
506 3341 629 3437 magis
653 3365 767 3437 quam
792 3344 920 3420 versui
938 3346 1124 3442 congruit.
1171 3346 1375 3443 Reponcn-

273 3438 366 3513 dum
380 3447 508 3514 autem
524 3463 675 3528 censeo,

314 3657 363 3711 92.
389 3662 514 3727 scincus
547 3659 595 3718 ἅν.
635 3659 733 3721 Pears·
758 3662 797 3722 sd
846 3662 1141 3743 decoroddrncAEOE.
1157 3661 1375 3742 ‘'noquetiiter

274 3733 369 3808 symb.
392 3735 419 3792 A
443 3777 451 3793 .
475 3757 508 3806 u,
531 3743 600 3797 251.
624 3744 696 3802 449.
724 3747 795 3802 452.
846 3743 937 3800 cuivis
964 3742 1130 3804 Homericis
1153 3744 1254 3824 paullo
1285 3743 1373 3803 nitius

272 3809 406 3888 δείμαντο
422 3755 546 3874 ideam
568 3817 654 3877 R.B.
675 3819 741 3878 etl.
764 3823 794 3881 7.
845 3820 1137 3882 imbutocemendum
1145 3823 1374 3893 est3tammults

271 3891 349 3948 cons.
383 3911 432 3969 pp.
469 3898 535 3954 167.
569 3897 623 3966 bis,
660 3911 691 3956 et
725 3902 793 3958 176.
843 3902 1085 3978 subsequentibus
1099 3902 1372 3964 insuntsmonbus

271 3967 581 4048 Odyss.ss.-—Totum
596 3975 672 4034 bunc
687 3975 792 4036 librum
842 3999 877 4037 ac
900 3999 1032 4040 sermone
1059 3981 1220 4043 illius'sesi
1251 4001 1373 4062 prorem

270 4069 336 4108 cum
350 4060 432 4130 parte
444 4051 633 4128 praecedentis
646 4065 680 4112 ut
699 4057 792 4132 spuri-
842 4057 962 4118 aliena.”
982 4059 1105 4140 Kragos.
1117 4061 1147 4122 in
1162 4061 1279 4142 Proleg.
1299 4061 1371 4122 Dis·

270 4147 321 4187 um
348 4129 494 4207 ejecerunt
529 4131 739 4209 Aristophanes
764 4147 794 4193 et
843 4139 1077 4199 sertatiunculam
1096 4142 1214 4218 quidem
1234 4141 1372 4200 inchoare

269 4207 464 4268 Aristarchus.
519 4209 617 4269 Schol.
646 4211 730 4272 Harl.
755 4215 794 4274 ad
842 4216 991 4288 hocloco,
1022 4238 1096 4282 meae
1123 4221 1281 4300 provinciae
1305 4240 1371 4280 esse

269 4286 329 4344 Od.
345 4293 384 4358 Ψ,
406 4293 475 4347 296.
497 4294 577 4348 reiro
602 4289 633 4349 τὸ
647 4295 730 4358 τέλος
742 4303 793 4362 τῆς
842 4295 920 4356 haud
931 4297 1026 4358 credo.

268 4363 418 4435 Hunccine
441 4370 526 4446 φησὶν
544 4373 726 4450 ῴὶπαρχος.
746 4376 793 4430 roi
