3102 4936
670 303 842 436 2³1⁶

160 569 321 662 ''epffl'tae
342 568 426 634 mc
450 565 497 634 H·
517 567 557 632 Gt
578 563 625 646 Ω,
648 557 762 632 vim
785 577 912 635 ‘em
938 569 1012 634 tam
1037 564 1141 662 apud
1163 563 1257 652 ΙῊΜ,
1272 611 1353 663 3201

160 687 269 762 φησι
301 659 407 756 opud
430 683 497 732 nor
524 656 693 755 explesse
725 663 763 732 n·
792 665 830 728 et
856 663 911 730 0:
955 664 1125 736 Oeticm
1149 665 1262 742 attha·
1290 679 1365 726 ιν.Ἰ

162 761 307 834 mutam
329 781 403 856 pro
430 755 576 852 syllaba
602 761 673 828 ΟΥ.
727 761 756 826 E
781 761 911 828 autem
938 781 1009 854 pro
1037 767 1122 834 Eet
1144 769 1377 837 ΙΩΤΑ.·-

163 861 291 953 Atque
307 856 371 930 hic
384 855 539 951 quidem
556 877 632 928 nou
649 859 720 940 est.
737 861 782 926 ut
795 853 854 927 vir
869 856 1042 932 eruditus
1058 859 1265 956 quidquam

164 958 408 1034 immutatum
450 961 570 1049 optet,
607 951 680 1026 nisi
724 949 821 1025 forte
854 975 924 1048 pro
962 955 1266 1054 rigrq'ficaccrcm

164 1053 348 1150 cujushic
364 1075 499 1148 parum
515 1060 630 1147 aptus
647 1059 708 1124 est
724 1073 828 1137 usus,
844 1053 1049 1130 rescribere
1067 1057 1173 1132 malit
1188 1059 1267 1157 rig-

164 1151 320 1248 efficaci.
375 1151 449 1222 Sed
478 1149 676 1236 Victorini,
700 1149 813 1222 modo
831 1147 913 1224 hacc
938 1154 1143 1250 scripserit,
1179 1179 1268 1231 con-

165 1250 306 1326 stantia
324 1248 583 1338 desideratur;
610 1248 755 1345 quippe
778 1247 845 1343 qui
872 1257 1266 1350 pcg.17[=2459.].

163 1349 237 1422 ista
267 1349 289 1392 ¹
306 1355 441 1422 contra
468 1347 616 1420 habeat.
668 1346 791 1444 Apud
820 1347 971 1422 Groecor
995 1354 1081 1428 ,ΕΡ
1106 1353 1267 1427 duarum
1293 1403 1365 1471 130

165 1444 596 1530 obstetricantem
625 1455 662 1518 et
688 1444 895 1542 producta.
963 1454 993 1520 0
1021 1473 1107 1522 cero
1132 1462 1170 1526 et
1189 1475 1266 1550 pro

162 1545 274 1631 draci,
298 1553 337 1617 et
346 1567 424 1642 pro
441 1543 567 1642 drogo,
581 1553 621 1617 et
630 1567 707 1640 pro
719 1541 756 1615 U
765 1544 897 1642 posito
913 1555 979 1618 eat.
1033 1547 1108 1622 Sed
1124 1550 1267 1646 regerit

165 1645 224 1718 vir
241 1643 426 1730 eruditus,
440 1643 513 1716 illis
525 1643 607 1716 haec
619 1640 843 1738 neutiquam
852 1644 1056 1732 adversari,
1066 1657 1268 1745 propterea

164 1743 269 1838 quod
311 1763 389 1816 vox
420 1741 587 1814 duorum<
619 1740 800 1815 comitem
837 1764 914 1814 non
947 1743 1083 1818 habeat
1117 1755 1267 1836 tontum,

165 1841 358 1926 amarat,
395 1840 457 1914 vel
495 1839 628 1914 simile.
691 1839 775 1935 Age
813 1839 956 1934 igitur:
1018 1843 1137 1940 Finge
1166 1845 1268 1941 apud

169 1937 468 2012 Grammaticum
495 1937 712 2034 quempiam
729 1959 952 2012 occurrere:
977 1941 1016 2012 A
1014 1944 1101 2038 pud
1114 1945 1270 2018 Latinos

166 2037 305 2110 numeri
337 2047 421 2110 mat
452 2037 536 2123 duo,
562 2060 736 2133 persona
767 2059 852 2108 cero
887 2046 988 2110 trec:
1022 2040 1160 2114 Annon
1187 2041 1269 2136 jam

166 2135 249 2208 nac
272 2134 408 2209 eodem
430 2135 541 2231 plane
567 2134 755 2220 recidunt,
779 2157 824 2208 ac
851 2134 884 2207 si
910 2135 1068 2212 dixisset
1097 2139 1168 2213 duo
1191 2149 1270 2214 ton·

168 2238 277 2307 tum?
328 2233 589 2329 Quisquamne
619 2241 689 2320 est,
723 2234 891 2321 obsecro,
916 2235 982 2330 qui
1010 2236 1104 2311 illud
1132 2247 1269 2314 tanam

168 2331 384 2406 desideret?
437 2331 581 2406 Contra
606 2331 638 2406 si
659 2331 744 2428 quis
762 2330 934 2407 dicereti
984 2335 1102 2434 Apud
1119 2339 1269 2414 Graecor

166 2430 304 2504 namra·
337 2439 422 2507 root
452 2430 535 2518 duo,
568 2455 743 2527 peracnae
770 2454 856 2503 vero
889 2440 991 2518 tren
1027 2435 1266 2522 exclamaret,

166 2551 337 2700 qplrqupje
347 2530 446 2700 inper
473 2529 618 2699 pqi‘qqqq
652 2529 720 2698 virt
737 2528 931 2699 erudituq:
966 2531 1105 2701 ᾗπποη
1126 2557 1271 2705 ἬΙΞ

337 2651 530 2714 ,ressa
636 2650 703 2700 aaa
747 2649 883 2698 numera
1012 2655 1234 2704 aare

166 2751 218 2812 es,
258 2743 336 2800 cum
368 2726 441 2798 tuis
469 2726 627 2798 numeris
656 2724 716 2797 cui
743 2734 855 2822 capot
886 2749 957 2798 non
989 2655 1100 2800 segmql
1135 2727 1268 2802 demat

166 2833 306 2898 centor.
358 2823 410 2896 At
439 2824 533 2919 quid
562 2823 618 2898 ita
650 2821 832 2896 tandem?
884 2824 985 2906 Quia
1017 2826 1172 2914 scilicet,
1203 2828 1270 2924 qui

168 2923 285 2998 iatum
303 2922 342 2995 in
358 2921 514 2996 modum
529 2921 713 3018 loquitur,
729 2943 906 2994 numeros
924 2945 1005 2996 ease
1022 2934 1158 2998 tantam
1175 2927 1270 3000 duos

168 3019 370 3114 significat.
423 3020 540 3094 Porro
559 3029 698 3106 autem,
727 3029 771 3092 ut
784 3019 1004 3094 Victorinus
1021 3024 1094 3098 sibi
1111 3034 1271 3111 constet,

172 3120 270 3192 aliua
295 3129 422 3192 tamen
451 3151 614 3209 κομματος
639 3119 801 3214 scriptor
826 3116 944 3192 fuisse
968 3121 1131 3211 videtur,
1156 3147 1270 3220 quam

171 3216 233 3290 cui
260 3216 301 3290 in
329 3241 369 3290 re
398 3215 618 3312 hujusmodi
640 3215 733 3290 fides
759 3216 809 3290 sit
826 3215 1007 3308 habenda,
1034 3245 1123 3294 cum
1150 3223 1269 3319 ipsius

172 3314 354 3388 doctrinoe
389 3338 436 3388 ex
478 3315 644 3409 antiquae
688 3315 885 3412 scriptura
927 3321 1181 3394 monumentis
1221 3341 1269 3392 ne

172 3435 290 3486 unum
303 3412 458 3510 quidem
470 3412 609 3499 faveat,
634 3412 734 3487 haud
751 3435 874 3509 pauca
889 3415 1145 3490 adversentur.
1195 3415 1270 3489 Sed

170 3533 294 3616 neque
322 3509 514 3584 hominem
537 3533 657 3607 usque
683 3512 778 3586 adeo
803 3511 911 3606 parvi
929 3511 1038 3598 facio,
1062 3514 1155 3610 quin
1182 3513 1267 3602 ista,

172 3615 200 3682 E
221 3620 340 3684 actem
349 3634 426 3706 pro
451 3615 479 3682 E
505 3619 542 3681 et
560 3613 714 3702 IQTA†,
738 3610 1037 3684 additamentum
1059 3613 1175 3684 fuisse
1191 3635 1271 3686 cre·

170 3707 258 3780 dam
273 3708 321 3780 ab
338 3707 465 3803 aliquo
481 3708 616 3781 rudem
640 3707 740 3780 illam
757 3715 873 3802 atque
890 3707 1116 3804 indigestam
1132 3711 1270 3785 molem

170 3827 257 3902 pag.
296 3811 353 3877 16.
394 3814 658 3879 occurrentem
697 3804 821 3878 minus
854 3813 957 3878 recte
995 3807 1270 3908 interpretante

170 3903 396 4000 proiectum.
562 3913 566 3922 '

223 4001 244 4046 ⁴*
269 4001 378 4077 Alius
400 4001 639 4077 auctoritatis
667 3999 752 4080 loco
776 4001 905 4076 laudat
931 4001 990 4078 vir
1007 4003 1177 4080 eruditus
1202 4025 1267 4078 ex·
1295 4029 1365 4101 131

213 4273 265 4330 69.
287 4269 357 4332 vid.
386 4271 425 4330 R.
439 4271 482 4331 D.
505 4269 535 4330 in
562 4269 696 4350 Append.
787 4277 806 4338 †
839 4269 906 4331 vid
934 4273 1034 4336 Itan.
1070 4276 1099 4334 in
1133 4269 1268 4349 Append.

172 4349 287 4428 μθ.
747 4351 863 4426 pw.
