3032 4958
691 438 715 507 8

122 619 295 701 Eandem
306 627 427 704 etiem
439 649 519 702 rem
536 628 709 727 pluribus
726 629 908 728 exemplis
926 625 1101 719 illustrat,
1120 655 1157 732 p.
1173 639 1231 710 44.
1243 653 1331 708 seor.

124 729 418 822 [==1104,·-]
448 727 508 802 Ex
536 728 675 825 quibus
702 731 851 806 abunde
881 739 1031 806 constet
1057 734 1231 809 emendo·
1243 722 1341 826 ,Ξ-

123 823 237 900 tionis
248 835 395 924 nostrre
406 826 558 902 veritos.
613 829 805 904 Caeterum
820 829 918 904 banc
937 831 1156 908 Terentinni
1173 856 1231 908 re·

124 925 262 1020 guam,
274 925 342 999 oui
354 925 471 1000 etiom
483 927 647 1002 succinit
659 927 891 1014 Victorinus,
904 928 943 1004 in
959 928 1229 1006 celebrioribus

125 1023 340 1120 quibusque
364 1033 579 1122 temporum
604 1026 860 1102 recentiorum
884 1028 1070 1123 poematis
1092 1029 1228 1104 solem·

124 1121 221 1196 niter
237 1123 455 1219 neglectum
473 1124 602 1199 videre
620 1134 691 1213 est,
709 1127 766 1201 uti
784 1126 825 1201 in
843 1126 951 1201 istis:

169 1267 421 1442 hiim
433 1271 937 1447 fflupgpfflnn:

170 1461 298 1541 ⁶Cats
311 1468 454 1565 spissos
471 1393 584 1568 rupea
597 1470 730 1544 imbres
746 1429 931 1570 equitant:

168 1565 410 1665 'Regosqut
424 1578 575 1666 sceptro
592 1570 845 1669 smpiternam
847 1571 1009 1670 ferreo:

169 1665 313 1739 'Alter
314 1667 500 1766 frugibus
517 1667 656 1744 horret
674 1670 802 1768 stipat

121 1810 236 1892 Quod
252 1833 301 1884 ne
317 1811 459 1885 molum
476 1811 590 1886 latius
608 1820 746 1910 serpat,
763 1813 941 1888 ludorum
956 1813 1148 1912 magistris
1166 1839 1227 1890 ca·
1419 1848 1455 1913 0

120 1931 260 1983 nonem
275 1911 388 1986 modo
407 1910 590 1984 traditum
603 1911 798 2009 discipulis
811 1913 1078 1988 inculcandum
1092 1914 1224 1989 sedulo

119 2011 359 2084 commendo.
412 2009 489 2082 Vix
507 2008 609 2084 enim
625 2009 827 2108 quisquam
844 2037 944 2087 nunc
956 2014 978 2059 ⁴*
991 2012 1137 2086 dierum
1154 2022 1224 2100 est,
1259 2013 1284 2082 4

116 2109 212 2206 quin
230 2108 335 2184 istud
364 2108 467 2206 quod
493 2133 579 2211 pag.
598 2115 657 2184 44.
680 2113 886 2209 [=1122.]
906 2113 1059 2187 damnat
1082 2111 1223 2186 Tereu-

116 2207 258 2295 tienne,

218 2357 325 2436 Ante
341 2359 533 2459 supinatas
550 2357 947 2458 Aquilonios'tendere
964 2363 1120 2454 strages,
1185 2329 1187 2334 ¹

114 2530 273 2582 versum
289 2507 407 2604 probe
423 2503 620 2583 heroicum
632 2506 836 2580 existimet.
889 2505 991 2580 Hinc
1011 2507 1125 2583 etiam
1144 2531 1222 2581 mo

114 2607 233 2680 nendi
249 2606 411 2680 veniunt
434 2605 554 2681 futuri
578 2608 782 2682 Poetarum
805 2605 1028 2680 Latinorum
1044 2605 1221 2690 editores,

115 2714 160 2778 nt
183 2705 298 2800 siquo
314 2704 413 2778 forte
430 2706 612 2780 adversus
638 2706 735 2779 hanc
757 2715 929 2780 veterum
954 2704 1220 2800 magistrorum

114 2803 287 2900 reguiam
316 2805 515 2902 peccantis
537 2803 866 2903 deprehenderint,
893 2801 1125 2876 emendenda
1149 2825 1219 2900 pro
1245 2805 1251 2812 ’

115 2903 273 2977 modulo
290 2913 393 2980 certe
418 2927 489 2978 suo
512 2913 656 2978 curent.
708 2901 824 2976 Verbi
839 2901 974 2998 grstia,
990 2901 1056 2997 qui
1074 2909 1219 2975 veteres

116 3002 321 3098 magistros
335 3003 427 3078 satis
445 3002 585 3088 audiet,
602 3003 696 3078 illud
712 2999 842 3075 Ovidii
861 2999 1015 3076 Metam.
1035 2999 1064 3074 1.
1084 3005 1143 3074 38.
1163 2999 1218 3074 sic

115 3101 299 3200 deinceps
315 3102 575 3200 retingendum
591 3109 733 3176 statuet
748 3127 757 3175 ε

163 3269 338 3345 Addidit
349 3270 533 3368 etfontcs,
549 3269 730 3344 immenso
742 3278 781 3344 et
797 3277 941 3366 stagna,
953 3267 1142 3364 lacusque.
1157 3274 1171 3315 ⁹

151 3525 180 3579 4.
203 3517 338 3578 casimir.
349 3517 445 3578 carm.
461 3538 481 3579 r.
494 3519 573 3579 xviii.
587 3524 614 3579 6.
695 3516 1061 3597 wsrrr,periiternslibere
1071 3517 1217 3576 etamicir·

153 3605 183 3658 5.
205 3599 281 3658 ibid.
297 3619 329 3658 rr.
339 3599 399 3670 xvi,
415 3603 462 3660 ⁷2.
694 3600 776 3668 sime,
787 3596 909 3668 croniet,
919 3597 1067 3676 respondit
1077 3597 1218 3675 ‘copulem

151 3685 182 3740 6.
203 3678 281 3739 [bid.
291 3679 393 3749 xxviii,
405 3685 433 3738 5.
694 3679 801 3737 adsoni
809 3678 966 3758 numerique
975 3677 1162 3756 iutegritatem
1173 3697 1218 3735 re·

153 3765 181 3821 7.
204 3759 374 3819 Bucbnnani
389 3759 438 3818 Pr.
452 3759 481 3829 ii,
498 3763 544 3820 18.
695 3759 786 3838 quiri!
806 3758 855 3818 Ad
864 3759 927 3817 haec
937 3756 1123 3828 verosnbdit,
1138 3758 1218 3835 quod

149 3846 178 3899 8.
198 3839 276 3899 Ibid.
290 3841 329 3909 ir,
343 3840 516 3918 tib-stipor
526 3841 591 3900 edd.
694 3839 833 3898 memoria
842 3839 980 3908 omniurn,
994 3839 1043 3916 qni
1058 3839 1122 3897 brec
1136 3857 1218 3898 socru

150 3925 178 3978 9.
199 3921 299 3980 “Aut
309 3920 644 3998 nmimmensnstng·
695 3931 827 3990 tractent,
865 3919 982 3977 omnino
1009 3919 1129 3998 dignum
1157 3919 1221 3978 est:¹

114 4001 172 4070 oa‚’'
193 4001 292 4060 Ital),
316 4001 406 4058 Gurae
424 4019 479 4058 rec.
501 4009 528 4059 et
540 4009 645 4080 stagno
696 3999 813 4069 scilicet,
828 3999 1216 4077 ‘nonoprtresseodgeuero-

115 4081 250 4154 msc,
274 4079 370 4140 Mss.
396 4079 545 4140 Rodleisn.
569 4099 644 4138 unus
696 4079 748 4136 lem
766 4079 890 4159 aliquem
911 4078 990 4136 metri
1009 4088 1058 4136 out
1072 4097 1217 4156 grommo·

114 4159 236 4234 ennon,
277 4174 309 4222 et
345 4159 489 4219 editiones
522 4171 642 4228 veteres,
694 4158 1217 4238 ticaeregulamstobiliendam,utcou·

113 4239 197 4306 Pano.
215 4247 309 4304 1489.
324 4239 434 4299 Venet.
450 4239 643 4299 1493.Puris.
694 4239 830 4309 sonato,
854 4239 983 4296 nminem
1003 4239 1115 4316 poetam
1136 4255 1217 4314 prce·

111 4329 188 4386 1496.
217 4325 331 4385 Venet.
350 4325 442 4380 1498.
466 4313 534 4377 sid.
556 4323 643 4378 1504.
691 4339 843 4398 properum
864 4328 912 4378 not
934 4317 1098 4376 incuriosum
1121 4325 1219 4376 contro

107 4403 170 4469 ven.
188 4407 350 4470 Mla-‘⁸
365 4395 529 4459 Consnltus
545 4417 646 4459 veron
695 4411 887 4480 concoquant
899 4397 1044 4476 peccasse!
1075 4395 1218 4456 ‘Alterum

102 4483 419 4554 mendosissimus,
427 4477 454 4537 T
457 4475 646 4539 noussTrn·
696 4477 801 4538 deinde
815 4477 1022 4556 exemplumex
1034 4475 1135 4538 eodem
1152 4476 1219 4535 Osi·

307 4566 340 4619 *t
770 4565 835 4630 n2
