3148 4936
844 423 894 496 54

213 633 307 688 srcr.
412 619 417 626 '
516 616 845 694 Alicctamenlroec
860 617 1101 716 eodempcrs,

248 701 270 783 ¹?
517 719 691 806 Quotiem
706 717 980 816 ithyphallicon
996 717 1105 793 addit

513 817 681 894 Metram
696 818 780 908 cibi,
794 819 929 916 lulefil
943 843 1068 892 unum:

365 969 456 1048 Mea
470 971 565 1050 tibia
580 974 704 1051 dicere
721 1000 854 1052 versus
876 975 883 1076 1
906 975 1051 1052 destitit
1067 976 1228 1054 latinos:

366 1073 592 1150 Iamdudum
607 1075 735 1151 saucia
752 1101 842 1152 cura
864 1075 869 1178 l
892 1077 1032 1152 deserit
1048 1078 1255 1175 pudorem:

365 1169 580 1270 Priamique
596 1185 768 1251 evertere
857 1183 934 1252 tem
957 1176 963 1278 i
985 1176 1063 1251 fata
1075 1174 1157 1272 jam
1173 1175 1367 1274 parabant.

366 1271 429 1346 lth
482 1273 617 1350 hallica
624 1301 746 1374 porro
789 1279 935 1352 lcarunt
955 1283 961 1374 Ι
982 1277 1109 1350 musici
1117 1286 1253 1376 poeta,

368 1371 441 1460 Qut
520 1373 600 1448 iera
616 1377 781 1450 carmina
796 1377 951 1452 Baccho
972 1374 980 1474 Ι
999 1375 1161 1450 versibus
1167 1375 1329 1474 petulcis

368 1469 493 1546 Graio
508 1497 587 1548 mem
603 1475 740 1550 cortice
756 1473 884 1574 phallo
908 1473 913 1576 l
935 1485 1014 1551 tres
1031 1475 1171 1550 dabam
1183 1475 1392 1559 trochaeos;

372 1570 427 1645 Ut
437 1573 634 1669 mndncfit
645 1601 754 1650 conus
767 1575 860 1674 apso,
880 1573 889 1675 l
911 1575 1071 1664 Bacche,
1085 1574 1248 1663 Bacche,
1260 1573 1417 1649 Bacche.

229 1741 279 1810 26
317 1717 510 1794 *Metram
535 1721 669 1817 utique
692 1721 968 1822 ithyphallieum
993 1731 1034 1798 et
1051 1721 1257 1821 plallc'cum
1285 1720 1421 1796 eodem

315 1818 483 1894 recidere
494 1843 620 1904 nemo,
631 1821 779 1918 opinor,
793 1820 939 1896 inficias
956 1820 1038 1896 ibit.
1075 1821 1197 1896 Immo
1211 1845 1304 1896 vero
1317 1819 1421 1917 quod

315 1916 365 1991 de
387 1941 500 1993 versu
525 1919 766 2018 eclypsatum
796 1921 860 1995 hic
888 1921 1007 1995 tradit
1037 1921 1302 2006 Terentianus,
1331 1941 1420 1991 eum

315 2015 463 2092 scilicet
479 2019 519 2092 in
536 2020 677 2095 Bacchi
693 2020 875 2096 honorem
892 2019 1037 2096 cantari
1053 2019 1222 2107 solitum,
1238 2018 1278 2091 id
1293 2017 1421 2115 ipsum

315 2117 421 2214 apud
433 2118 669 2194 Scholiasten
681 2121 730 2194 ad
740 2120 937 2195 laudatum
949 2118 1215 2217 Aristophanis
1231 2118 1369 2204 locum,
1381 2125 1422 2190 et

232 2217 238 2224 ’
317 2215 473 2292 Suidam
488 2217 530 2292 in
548 2219 593 2294 V.
610 2223 745 2314 φαλλοι,
761 2221 810 2295 de
819 2219 988 2320 pialtico
1003 2219 1152 2295 dictum
1167 2217 1334 2318 reperire
1350 2225 1419 2291 cst.

316 2375 407 2476 Pag.
426 2383 487 2452 97.
505 2377 532 2454 l.
548 2377 692 2480 penult.
714 2379 796 2474 [=
809 2383 944 2478 2602]

365 2526 475 2604 Exin
491 2532 603 2608 tertia
619 2531 747 2608 medus
755 2533 944 2632 pausat]

318 2687 480 2764 Versum
495 2689 598 2765 hunc
615 2697 770 2789 oportet
791 2713 874 2766 esse
900 2687 1257 2786 hendecasyllabum
1282 2685 1422 2760 Phalae-

317 2788 432 2876 cium,
465 2788 681 2886 cujusmodi
711 2799 802 2864 sunt
832 2813 920 2866 cum
954 2789 1212 2890 praecedentes
1245 2796 1330 2860 tum
1367 2808 1424 2858 se-

317 2896 487 2982 quentes.
514 2887 632 2984 Atqui
643 2889 795 2984 syllabae
807 2889 891 2963 orell
900 2889 1055 2964 trochaei
1064 2891 1150 2963 loco
1163 2883 1423 2984 pyrrhichium
1447 2979 1451 2986 ἡ

317 2985 553 3083 temporibus
579 2985 802 3081 inaequalem
836 2988 1029 3062 exhibent
1082 2988 1156 3060 Pro
1180 2985 1306 3060 noellua
1330 3007 1423 3060 vero

318 3084 580 3181 reponendum
597 3108 733 3158 censeo
743 3085 909 3186 planius,
923 3109 1012 3160 nam
1023 3084 1120 3159 hanc
1134 3107 1269 3158 vocem
1283 3084 1424 3158 Teren-

317 3182 422 3259 tiano
437 3183 644 3258 solemnem
660 3206 743 3258 esse
759 3185 883 3260 video.

367 3343 458 3442 Pag.
480 3349 538 3418 18.
554 3344 579 3418 l.
598 3349 648 3418 25
667 3345 747 3438 [---
760 3343 870 3438 350]
888 3365 959 3440 quo
968 3341 1168 3440 probarem
1184 3339 1345 3438 planius.

367 3445 459 3542 Pag.
478 3451 538 3518 20.
555 3441 581 3518 l.
598 3451 621 3516 5
642 3445 720 3538 [=
733 3445 843 3537 390.]
863 3441 1015 3516 Planius
1032 3443 1188 3540 qaofiut
1202 3439 1311 3514 istud.

367 3544 459 3642 Pag.
478 3545 580 3618 251.
600 3549 649 3617 25
670 3546 748 3639 [=
762 3543 872 3638 561.]
891 3541 1031 3616 uidebis
1044 3567 1125 3616 ease
1136 3542 1301 3641 planum.

368 3641 459 3741 Peg.
476 3651 538 3716 20.
554 3644 580 3716 l.
599 3647 622 3716 8
642 3645 724 3738 [==
740 3645 856 3737 574]
875 3667 946 3740 quo
962 3642 1012 3715 sil
1028 3641 1193 3741 planius·

368 3743 458 3840 Peg.
478 3743 581 3817 4111.
600 3749 646 3817 21
668 3744 899 3838 [=1006.]
918 3742 1032 3840 plana
1046 3744 1190 3817 ratione
1206 3747 1388 3840 patentes.

368 3841 461 3939 Peg.
479 3847 540 3916 66.
558 3843 583 3918 1.
605 3850 624 3919 l
647 3843 725 3936 [=
743 3844 874 3935 1729]
893 3843 1048 3940 quofial
1065 3843 1214 3941 planius
1232 3839 1341 3913 iahed.

369 3939 460 4039 Pag.
482 3948 564 4016 104.
585 3942 677 4015 1.15
697 3942 776 4033 [--
792 3944 928 4035 2798]
944 3941 1091 4036 libifiet
1102 3941 1236 4040 regula
1252 3939 1371 4036 plana

366 4040 457 4138 Peg.
476 4040 598 4116 1091.
613 4048 636 4114 2
652 4041 864 4136 [32928]
879 4051 1065 4140 atrumque
1076 4041 1226 4140 planius
1237 4039 1424 4138 probaret

318 4137 394 4214 Sed
410 4163 533 4238 neque
550 4139 768 4241 displiceret
784 4141 933 4216 clarius.

229 4303 279 4374 ar
317 4287 886 4386 'Pag.51.l.ult.[=1336.]

367 4423 459 4500 Hoc
471 4435 510 4500 al
521 4424 696 4525 exemplis
706 4424 914 4524 prodeam,
932 4448 1063 4523 resque
1078 4434 1117 4499 at
1130 4423 1243 4500 omum
1258 4423 1358 4496 clarc
1371 4420 1422 4493 sit
1477 4509 1479 4514 ι
