3094 4946
774 393 850 466 104·

142 621 233 682 asoa.
253 592 422 694 quidem,
437 598 635 688 utcunque
651 585 815 688 animer
830 586 894 675 sit,
908 583 1068 662 criticos
1083 591 1214 666 tamen
1230 607 1362 666 omnes

175 694 210 744 ¹¹·
252 698 408 775 videtur
432 692 625 769 fefellisse.
679 690 782 766 Hinc
806 688 923 766 etiam
947 687 1047 763 ratio
1076 687 1365 778 arcessam

142 783 559 896 *amphibrachyn
590 792 777 892 spondeo,
810 791 984 887 adeoque
1018 787 1172 886 dactylo
1202 795 1245 864 et
1276 811 1365 866 ana·

252 905 388 1014 paesto,
404 895 549 996 pariter
565 896 749 967 αυηπαθειν
765 891 897 968 videre
912 889 981 977 sit;
1008 888 1091 964 sive
1110 912 1179 966 cur
1204 912 1274 990 pes
1290 890 1366 967 iste

253 1021 295 1072 m
312 1019 427 1072 versu
445 1016 571 1094 neque
587 992 828 1092 anapaestico,
849 1013 975 1088 neque
991 989 1198 1078 trochaico,
1213 1013 1285 1071 nec
1302 991 1367 1070 de-

252 1095 558 1196 nique-iambico
580 1093 850 1192 conspiciatur.
905 1088 1028 1188 Cujus
1053 1097 1183 1168 tamen
1205 1091 1263 1208 rei
1287 1115 1365 1166 non

253 1195 379 1274 solum
395 1197 582 1273 rationem
592 1215 615 1270 a
624 1194 776 1268 nemine
792 1200 1033 1290 occupatam,
1043 1191 1110 1267 sed
1124 1200 1165 1266 et
1178 1214 1228 1266 ne
1241 1214 1365 1290 ipsam

252 1297 409 1398 quidem
432 1317 515 1371 rem
540 1297 780 1370 observatam
800 1291 967 1368 memini.
1021 1289 1094 1368 Est
1118 1289 1252 1389 utique
1276 1291 1364 1372 luce

255 1397 408 1484 clarius,
423 1396 456 1472 si
468 1403 592 1471 totam
601 1395 743 1494 pedum
755 1391 1010 1492 quantitatem
1022 1397 1183 1490 spectes,
1196 1391 1366 1468 trochaeo

256 1493 437 1586 iambum,
456 1517 475 1570 a
503 1496 628 1571 ondeo
649 1495 822 1592 adeoque
841 1493 994 1592 dactylo
1011 1492 1129 1572 etiam
1143 1499 1261 1592 atque
1279 1517 1365 1570 ana

252 1521 1016 1714 paestoampzrbrachynessecoolavapov.
1409 1697 1411 1704 y

304 1697 525 1771 Observata
552 1729 610 1779 της
638 1703 739 1769 mter
764 1693 934 1770 iambum
964 1699 1006 1769 et
1036 1689 1249 1770 trochaeum
1279 1725 1366 1769 ma-

254 1799 389 1879 παθειας
405 1795 593 1871 rationem
609 1793 816 1871 tentavisse
841 1793 996 1893 quidem
1020 1792 1088 1868 sed
1110 1815 1249 1891 parum
1265 1815 1366 1872 asse·

253 1901 389 1970 cutum
405 1917 488 1970 esse
505 1893 631 1982 video,
648 1893 814 1970 multum
827 1891 920 1970 licet
940 1892 1039 1968 inre
1056 1893 1227 1984 metrica,
1247 1893 1364 1970 doen·

253 2018 342 2072 nem
366 1993 482 2094 King‚
504 1996 719 2070 dramatum
745 1995 891 2091 aliquot
918 1992 1217 2092 Euripideorum
1245 1993 1366 2070 edito-

253 2116 347 2172 rem.
416 2103 441 2137 “
466 2094 599 2179 Queri
634 2094 798 2193 (inquit)
830 2093 990 2169 forsitan
1022 2102 1166 2192 potest,
1201 2116 1290 2169 cum
1325 2092 1365 2170 in

256 2202 282 2235 “
299 2202 518 2293 temporum
534 2194 699 2293 paritate
715 2194 814 2270 tanti
831 2193 908 2269 sint
924 2200 1062 2292 poetae,
1086 2199 1155 2269 c'ur
1175 2193 1366 2270 trochaeus

255 2293 426 2370 “iambo
447 2294 685 2394 temporibus
705 2317 776 2394 par
799 2317 850 2368 ex
874 2293 1041 2368 carmine
1063 2293 1227 2370 iambico
1246 2293 1365 2370 nihilo

256 2394 424 2472 “minus
441 2404 632 2494 perpetuo
646 2395 885 2492 excludatur.
917 2393 1106 2470 ldautem
1120 2393 1204 2470 fieri
1212 2395 1366 2472 vidum

166 2520 218 2594 04
254 2495 442 2574 “duabus
470 2494 683 2579 decausis.
744 2496 873 2574 Primo
887 2494 974 2595 ipsa
997 2494 1231 2594 syllabarum
1259 2496 1366 2572 *dis-

256 2604 281 2640 “
296 2594 438 2696 positio
457 2605 499 2674 et
517 2596 576 2682 rei
595 2597 752 2674 musicae
773 2597 977 2673 necessitas
1003 2596 1367 2695 repugnat.'’—Pro-

256 2695 360 2773 fecto
377 2697 410 2772 si
425 2697 489 2774 hic
506 2697 739 2778 substitisset
749 2699 809 2774 vir
819 2697 1002 2785 eruditus,
1018 2695 1123 2770 haud
1139 2695 1220 2772 scio
1237 2718 1363 2772 annon

257 2797 383 2874 videri
428 2808 531 2875 osset
544 2799 585 2873 id
597 2800 728 2898 ipsum
739 2798 906 2876 voluisse
915 2796 1021 2898 quod
1038 2818 1109 2874 nos
1121 2793 1204 2894 jam
1219 2796 1368 2875 monui·

258 2919 356 2973 mus.
434 2919 546 2972 erum
562 2896 747 2975 hactenns
761 2896 890 2972 felicia
906 2919 1043 2994 parum
1060 2896 1223 2974 feliciter
1236 2895 1367 2998 pergit

350 2996 360 3013 ⁰
507 3005 531 3040 es
717 2997 726 3014 ⁰
757 2995 799 3014 ⁰⁰
954 2997 963 3013 '
1067 2996 1076 3014 ⁰
1262 2998 1270 3016 ⁸
1314 3001 1322 3018 '
1351 3025 1364 3044 .

258 2997 491 3170 tetis„
507 2996 826 3194 affiltili
839 2995 1364 3200 tttftdlttttltttt

256 3203 280 3238 “
295 3193 360 3270 hic
384 3195 505 3270 instar
525 3202 620 3270 rotae
639 3195 854 3282 volubilior,
876 3194 940 3270 ille
960 3193 1106 3270 tardior
1121 3194 1364 3294 firmiorque:

256 3304 280 3338 “
294 3291 359 3372 hic
384 3297 432 3372 ab
456 3293 536 3374 alta
562 3294 771 3385 descendit,
794 3294 858 3370 ille
884 3317 932 3370 ex
956 3293 1092 3370 humili
1107 3295 1297 3394 insurgite
1320 3296 1364 3374 in

259 3405 282 3439 ‘¹
300 3395 476 3474 omnibus
491 3396 654 3496 denique
670 3406 760 3474 sunt
778 3394 1040 3483 dissimillimi3
1067 3394 1164 3472 adea
1180 3403 1224 3472 ut
1240 3395 1365 3475 facete

256 3505 278 3540 “
296 3497 545 3599 Hephaeslon,
571 3505 738 3605 Τρσχαιος
764 3500 926 3572 αντιπαθει
945 3530 989 3594 τῳ
1009 3497 1132 3594 ιαμβῳ.
1184 3497 1364 3578 Secundo

259 3607 283 3640 “
300 3623 453 3676 versum
478 3599 551 3676 sibi
579 3600 778 3700 proprium
801 3597 1002 3676 constituit
1021 3597 1183 3690 iambus,
1210 3622 1364 3676 versum

257 3705 279 3739 “
297 3697 370 3774 sibi
386 3700 585 3798 proprium
601 3701 804 3776 constituit
822 3699 938 3776 etiam
954 3700 1168 3788 trochaem3
1191 3709 1235 3780 et
1251 3701 1365 3779 ambo

259 3798 458 3876 “diversis
482 3799 575 3875 licet
607 3799 649 3874 in
674 3801 771 3878 loeis
796 3801 951 3876 eosdem
977 3800 1197 3878 adsciscunt
1222 3801 1363 3900 pedes:

261 3897 379 3996 “jam
400 3922 492 3975 vero
519 3900 551 3976 si
577 3923 709 3978 versus
730 3901 916 3980 iambicus
930 3902 1362 4000 trochaeosrecepisset3

256 4005 279 4040 “
297 4000 330 4075 si
346 3999 562 4076 trochaicus
584 4001 753 4078 iambos:
779 4003 845 4100 qul
871 4000 969 4078 alter
985 4003 1034 4078 ab
1050 4003 1171 4080 altero
1186 4000 1363 4100 dignosci

254 4107 278 4142 “
296 4099 509 4199 potuisset?
578 4101 714 4180 Nonne
748 4111 857 4180 tanta
898 4102 1073 4178 confusio
1113 4103 1216 4178 facta
1249 4110 1362 4192 esset,

255 4208 281 4242 “
295 4210 437 4298 quanta
454 4199 535 4277 fieri
547 4212 677 4302 potest
692 4205 899 4280 maximal’
925 4203 1020 4278 Haec
1037 4203 1112 4279 ille.
1139 4203 1260 4281 Juxta
1276 4224 1361 4281 eam

254 4323 369 4400 quam
395 4302 517 4402 primo
543 4303 712 4382 instituit
740 4305 797 4382 vir
825 4303 996 4383 eruditus
1022 4305 1222 4394 rationem,
1249 4303 1359 4382 facile

254 4403 446 4480 constabit
462 4405 615 4506 dactylo
636 4431 716 4488 non
737 4407 863 4488 mium
887 4414 1134 4509 mapaeuum,
1149 4429 1269 4508 qurum
1283 4415 1359 4484 tre·
