3148 4936
736 367 782 436 41

207 550 341 650 utique
374 551 477 628 aliud
501 553 563 629 hic
592 553 673 652 agit
692 555 954 646 Terentianus,
980 565 1231 658 praeterquam
1258 566 1303 636 ut
1314 579 1403 636 sacr.

207 651 342 727 doceat
358 653 532 726 voculam
548 676 624 726 non
637 653 717 750 jam
733 657 768 736 εξ
783 655 849 729 sed
875 689 909 729 εκ
932 666 1113 754 sequente
1138 681 1302 734 consona
1347 647 1368 696 ¹·

205 750 387 825 nGraecis
403 753 575 850 usurpati
603 753 762 840 solitam,
790 755 871 828 sive
901 779 945 829 ea
972 756 1046 852 (uti
1075 751 1412 856 loquunturf‘*

204 849 244 922 in
272 851 559 948 compositione,
585 852 664 925 sive
681 861 788 926 extra
808 853 1119 1025 compositionem
1140 855 1298 930 veniret.

204 947 331 1046 Hujus
363 958 491 1024 autem
517 974 608 1024 usus
633 951 805 1048 exempla
832 953 877 1025 ad
907 953 987 1027 ucit
1001 987 1035 1024 εκ
1060 987 1190 1026 παντων
1207 962 1246 1027 et
1263 987 1298 1026 εκ

204 1074 326 1132 νησου;
354 1047 455 1122 illius
478 1053 647 1134 εκπληξαι,
676 1083 838 1148 surrepunt,
867 1061 907 1124 et
931 1070 1160 1146 εκκεκωφωται,
1179 1053 1297 1150 Vulgo

203 1145 327 1220 minus
365 1148 467 1222 recte
505 1167 729 1244 εκκεκωφητιιι.
782 1150 927 1232 Quarto
957 1150 1139 1225 inversu
1168 1151 1297 1226 malim

202 1254 330 1331 vertet,
359 1268 447 1319 cum
489 1248 647 1320 verbum
680 1246 754 1320 hoc
787 1248 887 1320 inter
907 1249 1062 1347 jugabit
1085 1258 1125 1323 et
1151 1249 1296 1322 ambit

201 1341 422 1431 intercedat,
439 1368 655 1441 quanquam
676 1353 808 1441 postea
824 1347 991 1422 varietur
1008 1347 1237 1421 constructio
1254 1347 1295 1421 in

200 1441 416 1530 excluditur,
434 1443 627 1542 loquuntur
641 1443 798 1538 etfacit.
854 1444 988 1519 Versui
1002 1445 1134 1541 quinto
1148 1446 1295 1519 censuit

200 1539 352 1635 quidam
373 1541 595 1616 medicinam
614 1543 635 1586 ¹*
653 1540 863 1616 faciendam
880 1566 961 1617 esse
976 1543 1148 1638 legende,
1171 1575 1206 1622 uc
1221 1577 1296 1618 στο-
1333 1549 1379 1617 15

199 1672 300 1730 ματος
317 1650 354 1713 et
379 1661 600 1738 εκκεκωφηται.
652 1641 705 1713 At
730 1641 831 1715 enim
858 1642 932 1716 hoc
960 1650 1073 1740 pacto
1097 1663 1296 1738 perperam

200 1736 486 1814 confunduntur
526 1740 709 1836 exempla,
751 1748 881 1813 contra
913 1751 1043 1814 notam
1077 1739 1295 1814 Terentinni

199 1837 378 1934 ακριβειαν.
432 1839 531 1912 Eum
556 1839 808 1913 certissimum
824 1840 976 1913 videtur
992 1837 1147 1911 unicum
1164 1838 1205 1911 in
1221 1839 1295 1912 hoc

198 1957 310 2010 versu
335 1939 562 2036 exemplum,
581 1938 703 2035 idque
724 1939 869 2013 voculae
886 1971 920 2010 εκ
936 1939 974 2010 iu
989 1963 1058 2010 aaa
1074 1936 1182 2012 verbo
1198 1951 1296 2010 ‘cmu-

190 2035 394 2131 prcleeneoe,
410 2037 569 2112 dedisse.
622 2037 840 2133 Sequuntur
866 2038 906 2110 in
923 2037 1096 2134 proximo
1123 2034 1294 2130 ejusdem

197 2134 313 2207 solute
344 2136 424 2210 sive
463 2136 501 2209 in
541 2135 726 2210 verborum
752 2137 846 2234 pari
884 2145 1075 2233 usurpatae
1108 2134 1290 2230 exempla.

198 2232 301 2315 Quid
318 2234 447 2308 multis
472 2258 569 2332 opus
592 2238 681 2308 esti
731 2234 961 2322 Terentiaui,
978 2234 1125 2332 opinor,
1140 2255 1293 2307 manum

197 2353 300 2404 nunc
316 2331 451 2408 faciam
468 2355 675 2429 agnoscens

249 2463 312 2536 Sic
329 2472 369 2538 et
384 2465 478 2538 illud
494 2499 538 2548 εις
550 2499 588 2538 το
605 2471 734 2548 καλλος
750 2484 966 2560 εκκεκωφωται
983 2469 1076 2561 Ειφνη
1095 2467 1120 2504 ⁸²

197 2585 346 2684 Nempe
372 2587 421 2703 ad
449 2587 697 2684 Euripideum
715 2589 817 2661 istud
835 2589 956 2661 Orest.
991 2591 1099 2661 1287.
1126 2586 1292 2684 respexit

194 2695 482 2782 grammaticus:

417 2815 470 2908 Ap
488 2844 531 2892 εις
548 2843 586 2882 το
601 2813 728 2891 καλλος
744 2825 962 2903 εκκεκωφωται
978 2807 1068 2900 &tuni

196 2952 287 3051 Pag.
307 2961 367 3028 ns.
384 2957 408 3030 r.
431 2957 719 3054 18[=1520.]

280 3083 511 3163 Καταληκτικα
528 3104 618 3180 quoe
629 3077 774 3176 syllaba
790 3072 960 3149 imminui
960 3073 1205 3173 frequenter]

195 3201 307 3276 Latet
331 3202 371 3275 iu
397 3202 471 3277 ho'c
499 3226 612 3277 versu
642 3224 744 3274 error
770 3223 818 3275 ex
848 3197 964 3272 nimia
992 3199 1133 3274 librarii
1163 3200 1290 3276 nescio

193 3299 304 3396 cujus
334 3301 549 3374 eruditione
577 3299 782 3398 proiectus.
838 3299 986 3394 Nempe
1016 3298 1160 3371 homiui
1177 3301 1290 3396 paulo

192 3399 376 3496 sagaciori
409 3399 576 3473 suboluit
606 3399 712 3473 verbi
751 3397 990 3475 Catnbectica.
1028 3397 1131 3492 quod
1171 3397 1290 3468 literis

191 3495 336 3572 Latinis
350 3498 518 3572 exaravit
535 3497 797 3582 Terentianus,
812 3497 981 3568 Graecnm
994 3517 1074 3567 esse
1092 3493 1285 3590 originem

190 3595 304 3691 Isque
322 3598 416 3671 adeo
434 3621 502 3694 pro
518 3619 564 3669 eo
578 3619 654 3692 quo
667 3594 834 3692 pollebat
843 3591 990 3688 judicio
1004 3593 1153 3666 Graecas
1165 3593 1291 3666 literas

188 3695 338 3768 curavit
364 3694 604 3768 invehendas
658 3694 703 3766 ld
729 3692 831 3788 quod
858 3700 984 3764 tamen
1001 3691 1221 3787 neutiquam
1238 3691 1291 3764 fe-

188 3793 314 3881 cisset,
334 3795 365 3866 si
383 3793 505 3867 Graeci
523 3794 704 3866 sermonis
723 3792 783 3864 vel
800 3787 944 3885 majore
959 3789 1021 3862 vel
1038 3790 1181 3864 minore
1198 3813 1288 3863 usus

188 3902 289 3967 esset
305 3893 451 3990 peritia.
505 3892 546 3965 Si
569 3891 676 3964 verbi
701 3891 832 3985 utique
856 3887 1040 3983 originem
1066 3889 1287 3984 ignorasset,

187 3989 309 4086 ipsam
342 3993 391 4066 ob
427 3992 524 4064 hanc
558 4012 710 4064 causam
739 3990 887 4084 integra
918 3987 1117 4061 mansisset
1153 3989 1287 4062 Latina

188 4089 385 4188 scriptura.
438 4091 519 4163 Nec
537 4111 628 4164 vero
653 4095 798 4162 mutata
827 4094 937 4170 esset,
959 4085 993 4158 si
1011 4085 1154 4159 homini
1181 4087 1287 4158 inno-

229 4287 277 4342 31.
290 4286 308 4314 ‘⁸
320 4281 513 4346 Terentianus
521 4283 645 4344 Maurus
658 4299 712 4362 op·
762 4279 924 4341 Damnioi·
958 4277 996 4340 R.
1021 4279 1055 4340 P.
1079 4279 1117 4340 ad
1138 4277 1210 4338 Eur.
1232 4274 1285 4337 Or.

188 4363 258 4425 time
279 4379 317 4422 ex
343 4363 397 4424 hoc
421 4366 487 4426 loco
505 4365 712 4426 emendatius
763 4363 849 4421 1279.
