3094 4946
658 409 728 490 ill

132 591 392 692 Thucydiden
409 593 606 684 hebemus,
624 599 752 687 ενθὸδι.
768 603 954 699 spirim,
975 607 1142 699 antron
1159 609 1245 686 turs
1256 631 1357 688 secra.

132 699 291 784 τομὲνοις,
310 699 528 796 eppesteim,
543 693 623 790 &a
642 709 871 776 accentuum
889 703 1022 779 contra
1039 707 1137 796 ratio
1154 729 1246 796 vene·
1281 701 1330 750 ¹¹¹·

135 793 236 867 (litat
253 795 374 880 radiis,
398 797 583 894 ειρῆκῦτων,
602 801 767 889 erudiretur,
793 803 1027 895 θαπτομὲιόιςηΔ
1037 803 1358 906 ᾳγορεῡὲσθαι”“

141 891 212 966 &a
251 892 368 992 Apud
385 893 851 994 Hagesiam⁷syllabarum
868 904 1061 998 quantitas
1079 903 1247 994 exhibet

138 996 311 1086 πολεμῖων,
335 999 546 1093 reparandum,
573 1000 731 1094 εγνῶστο,
751 1005 978 1098 συγκιῖμφθεις,
999 995 1159 1104 θώρᾶκος,
1177 1041 1248 1084 ros·

138 1094 314 1190 pasiadras,
329 1094 560 1194 πολῦσᾶρκονι
578 1105 809 1172 accentuum
820 1110 952 1176 contra
962 1106 1114 1200 patroni
1127 1129 1247 1182 cuun-

138 1191 252 1280 clant,
277 1194 451 1286 πολεμῖων,
479 1197 689 1293 κρατησέσιν,
713 1199 871 1300 cyrisiaco,
891 1205 1120 1302 σῦγκέμφθεῖς,
1140 1209 1247 1304 darpri'·¹

137 1307 209 1380 icoc,
246 1293 472 1392 καιριῶτᾶτην,
504 1296 727 1394 πολιῖσέρκον.
797 1299 914 1399 Vides
948 1301 1022 1377 hoc
1054 1311 1169 1402 pacto
1204 1306 1247 1382 iu

138 1401 304 1488 utroque
328 1392 514 1490 scriptore
539 1397 783 1472 numerorum
808 1407 983 1477 naturam
1007 1423 1052 1476 ac
1077 1403 1245 1480 valorem

139 1501 462 1591 maguaexparte
476 1493 632 1580 inverti3
659 1526 784 1596 χρυσεα
797 1499 836 1572 in
850 1503 1004 1598 χαλκεια,
1017 1524 1061 1576 ac
1078 1502 1245 1580 vicissim

138 1595 277 1692 χαλκεια
304 1589 344 1666 iu
371 1625 497 1692 χρυσεα
522 1594 714 1692 migraret
744 1597 821 1690 ‘At
846 1597 961 1687 enim;
988 1625 1012 1675 o
1036 1602 1140 1690 boui,
1166 1625 1246 1678 rec-

138 1701 279 1780 tamne,
303 1693 474 1780 obsecro,
502 1694 689 1770 rationem
716 1719 848 1795 sapere
876 1698 1040 1790 videtur,
1064 1709 1246 1800 utusque

139 1791 236 1868 adeo
256 1791 492 1892 deprimatur
516 1795 822 1875 accuratissimus
847 1797 1102 1898 Thucydides,
1123 1825 1247 1899 usque

140 1893 237 1968 adeo
253 1893 438 1968 evehatur
455 1894 732 1990 nugacissimus
750 1896 964 1995 Hegesias?
990 1901 1094 1984 Quin
1110 1898 1247 2000 pergass

139 1992 190 2068 tis
207 1992 343 2068 itidem
360 2015 538 2069 coronam
563 1994 681 2092 capiti
699 1996 909 2094 virgiliano
922 1996 1004 2095 jam
1019 2000 1085 2076 diu
1102 2001 1245 2076 haeren-

139 2099 219 2168 tem
236 2091 447 2182 detrahere,
471 2115 516 2169 ac
543 2093 723 2190 Boviano
739 2095 965 2196 imponere?
1017 2099 1121 2184 Quid
1144 2099 1246 2198 euim

140 2201 292 2270 tautum
316 2192 356 2268 in
382 2217 451 2268 vos
476 2197 715 2271 committere
740 2207 902 2295 potuere
928 2199 990 2275 vel
1016 2199 1140 2278 Graeci
1165 2225 1248 2298 prae

140 2292 300 2381 Latinis,
316 2293 378 2368 vel
395 2293 530 2369 solutae
548 2295 729 2372 orationis
747 2297 950 2396 scriptores
972 2300 1214 2399 proepoetisi
1244 2353 1246 2358 -

198 2393 299 2470 *Sed
321 2393 468 2479 miram,
495 2394 528 2469 si
553 2395 625 2470 diis
650 2396 787 2496 placet,
819 2397 1038 2474 accentibus
1062 2401 1248 2494 virtutem
1282 2395 1332 2468 72

140 2491 265 2569 inesse
279 2493 618 2571 comminiscuntur
633 2495 820 2572 barbariei
837 2497 1040 2597 plusquam
1057 2497 1245 2596 Scytbicae

141 2591 332 2670 fautores:
371 2617 508 2692 nempe
534 2618 611 2670 non
637 2594 711 2670 nisi
738 2620 877 2684 eorum
900 2620 975 2695 ope
1003 2595 1245 2676 determinari

140 2717 255 2794 posse
275 2695 496 2791 ambiguam
513 2695 751 2792 quarundam
775 2719 914 2771 vocum
939 2695 1153 2782 notionem3
1180 2697 1247 2790 βα·

142 2795 326 2883 σιλειαηοθ,
350 2793 458 2869 verbi
490 2794 627 2894 gratia,
665 2819 828 2896 regnem,
865 2819 914 2872 au
955 2817 1046 2872 vero
1079 2797 1247 2898 reginam

185 3009 214 3070 7.
233 3003 310 3068 Vide
331 3005 456 3085 Longis.
479 3009 543 3086 περὶ
562 3007 618 3083 td.
644 3005 670 3084 §.
720 3009 856 3088 opinione
872 3009 922 3068 six
936 3009 1184 3087 permanserit-cir
1199 3029 1246 3070 so·

144 3083 195 3158 iii,
221 3085 380 3146 Rubnkcrrii
407 3085 487 3148 Hist.
514 3087 568 3150 Gr.
589 3087 672 3147 Orat.
720 3089 899 3168 gacissimus.
920 3087 1042 3148 Plurimi
1062 3089 1116 3148 “in
1132 3089 1246 3152 Graecis

146 3163 246 3228 Grae.
259 3165 337 3237 xciii,
352 3179 382 3226 et
394 3167 431 3226 ad
445 3167 518 3228 Rut.
535 3167 610 3246 Lup.
623 3187 672 3246 pp.
720 3167 936 3246 reprehendunt
945 3169 1010 3241 boc,
1022 3169 1247 3248 quodacceutus

144 3251 275 3308 25-27.
308 3247 389 3306 Exue
426 3259 456 3306 ts
479 3267 518 3308 ex
542 3245 673 3326 Hegesia
722 3267 827 3308 vocum
863 3267 881 3308 a
911 3267 1047 3308 versuum
1080 3250 1246 3313 accentibus

144 3327 224 3407 apud
242 3328 365 3406 Dionys.
415 3327 532 3388 alicam.
548 3329 671 3388 Συνθὲσ.
721 3329 887 3407 discrepent
911 3329 1013 3388 toties:
1045 3348 1112 3405 quae
1135 3349 1180 3388 res
1201 3330 1247 3388 in-

146 3408 229 3487 ὄνομ.
243 3407 283 3467 T.
294 3427 326 3478 u,
335 3427 384 3486 pp.
395 3413 444 3478 33,
453 3413 501 3467 ct.
510 3407 593 3467 valde
608 3427 671 3466 cor·
720 3421 804 3488 grata
821 3408 884 3468 visa
908 3407 1018 3468 Latinis
1040 3409 1127 3466 etiam
1152 3408 1247 3487 poetis

144 3487 466 3566 ruptsessevidentur.
503 3485 562 3548 Pro
575 3490 671 3547 εἰσιὼν
721 3487 859 3558 scenicis3
881 3487 969 3548 ethis
982 3487 1110 3565 quidem,
1124 3488 1248 3550 intents

145 3565 270 3631 sonasse
282 3567 439 3648 legendum
450 3579 496 3628 est
509 3569 635 3626 εἰσιόντι.
722 3567 807 3628 metri
830 3566 954 3638 licentia,
978 3567 1098 3626 merito:
1133 3565 1248 3628 Grecis

186 3655 215 3708 8.
235 3648 272 3708 Il.
284 3647 319 3718 Ζ,
340 3651 409 3706 286.
429 3646 541 3706 Mutet.
556 3647 635 3726 opp.
651 3667 671 3718 r,
722 3647 763 3708 nil
775 3647 886 3725 gratius
894 3645 948 3706 bac
956 3647 1067 3706 numeri
1080 3660 1110 3707 et
1119 3649 1248 3708 vocabu·

146 3731 216 3788 596.
234 3733 303 3787 618.
319 3727 486 3806 Lsgouranr.
498 3727 535 3786 ad
550 3727 672 3805 Pogieni
721 3726 817 3786 lorum
831 3727 860 3786 in
876 3727 1007 3788 versibus
1021 3727 1175 3788 concordia
1187 3728 1248 3788 dis·

145 3803 243 3886 Epist.
254 3827 275 3880 r,
289 3813 358 3868 234.
369 3827 404 3880 rr,
419 3812 467 3868 77.
722 3805 827 3870 corrli.’'
859 3805 961 3866 Boeolr.
984 3807 1021 3870 de
1043 3809 1142 3868 metris
1164 3807 1249 3868 Piud.

187 3893 215 3948 9.
235 3888 334 3948 Puer.
351 3887 391 3948 sd
413 3885 529 3948 Gallim.
550 3886 583 3946 Ρ.
602 3887 673 3947 xcii.
721 3907 751 3965 p.
763 3893 794 3946 2.
817 3885 866 3946 Ex
875 3885 932 3944 hoo
941 3906 1009 3946 saue
1020 3887 1111 3950 effato
1123 3887 1164 3947 nil
1178 3908 1249 3948 con-

146 3967 186 4030 R.
208 3957 265 4030 Dr'
272 3987 489 4048 perpugnacem
516 3967 547 4026 in
572 3965 673 4046 dispu·
722 3965 769 4028 fici
783 3978 889 4060 potest.
910 3965 964 4025 Vir
974 3968 1082 4046 optime
1095 3967 1133 4028 de
1144 3967 1249 4031 litteris

147 4048 236 4108 trudo
262 4047 402 4108 adversus
430 4047 599 4108 hodiernam
624 4067 673 4108 ae·
722 4046 1005 4118 mansuetiorem
1019 4047 1249 4127 Gally,quidisa

147 4139 282 4192 centrum
296 4129 438 4190 rationem
451 4127 602 4188 habemus.
641 4127 674 4188 Si
723 4126 881 4206 putationis
896 4147 958 4187 suae
976 4126 1088 4206 laqueis
1108 4127 1248 4186 Foster-um

146 4229 217 4270 vero
229 4209 346 4290 penitus
357 4209 387 4268 iu
399 4228 463 4270 earu
475 4209 569 4287 ipsam
585 4207 675 4268 totius
724 4207 866 4268 irretitum
886 4209 1001 4268 tenebat
1019 4216 1049 4266 et
1069 4207 1171 4286 perdiu
1188 4218 1249 4276 tor·¹

146 4287 233 4370 liujus
244 4289 360 4351 artificii
373 4287 597 4367 disputationem
608 4287 675 4347 iuti·
726 4288 843 4364 quebet,
863 4307 962 4346 aarum
985 4287 1150 4346 notularum
1169 4284 1249 4362 leges

146 4391 224 4434 mam
241 4369 377 4442 venisset,
400 4383 430 4430 et
450 4389 515 4428 eam
534 4367 679 4440 subtiliter
727 4367 840 4428 curiose
861 4387 908 4428 ma
931 4367 954 4425 is
982 4386 1069 4444 quam
1094 4363 1251 4444 prudenter

146 4460 349 4534 perscrutatus
385 4461 469 4520 esset,
509 4449 540 4511 iu
577 4447 679 4511 eadem
707 4444 892 4526 'pensitavit
950 4447 1016 4508 icin'
1029 4443 1185 4518 tentamine
1198 4463 1253 4518 suo
