3148 4936
776 403 825 482 ⁵2

146 603 236 656 seor.
256 586 309 664 At
333 588 447 670 ,euim
487 595 592 662 vetat
630 589 801 686 analogia
832 611 910 686 quo
942 589 1069 666 miuus
1094 609 1134 664 ‘a
1167 588 1358 666 Plsoloeos'o

178 673 199 720 ¹·
256 687 408 762 fluxerit
424 686 656 784 adjectivum
672 689 878 764 Poataeoo.
931 690 1143 764 Phalarim
1166 714 1257 766 vero
1278 711 1356 764 non

144 776 318 860 '’‘hio
335 787 469 874 solum,
490 810 623 862 verum
637 789 752 862 etiam
768 813 882 886 pagg.
909 794 970 864 ts.
992 789 1037 884 [l.
1055 797 1079 864 3
1095 826 1140 850 ==
1158 791 1288 882 1946.]
1315 795 1357 863 et

259 891 341 958 106.
363 884 407 979 [l.
427 893 451 959 4
472 923 515 948 =
527 890 661 983 asts]
681 889 891 986 reperitur:
1295 909 1299 916 ·

305 1015 477 1116 Namque
491 1020 551 1094 tic
568 1021 615 1094 de
628 1047 765 1120 genere
775 1033 832 1097 est
847 1023 1139 1098 Phalaeciorum:

306 1117 459 1192 Idcirco
468 1145 586 1218 genus
600 1121 667 1194 hoe
685 1121 967 1196 Phalaeciorum.
1069 1201 1072 1206 ,

257 1247 379 1328 Video
402 1253 556 1350 quidem
574 1257 761 1333 Thesauri
779 1258 1022 1357 Stephaniaui
1039 1256 1245 1331 editionem
1262 1253 1362 1328 Lon-

256 1351 462 1439 dineusem,
478 1355 590 1429 Fabri
601 1365 645 1430 ut
658 1358 809 1432 videtur
822 1357 1047 1433 auctoritate
1060 1357 1209 1442 fretam,
1222 1353 1360 1428 habere

256 1457 279 1492 “
296 1451 503 1526 Ptolom.
557 1454 684 1530 Poetae
710 1481 849 1532 nomen
872 1457 972 1530 unde
999 1479 1118 1553 genus
1150 1454 1360 1530 carminum

258 1557 281 1588 ‘⁴
299 1550 778 1650 Phalaeoiumappellatum.
817 1555 862 1628 V.
875 1557 1027 1632 Terent.
1042 1555 1184 1630 Maur.”
1216 1555 1362 1628 Rursus

257 1645 298 1721 iu
327 1649 373 1724 V.
401 1650 611 1740 Pholaecius
634 1665 658 1696 “
677 1653 905 1729 Phalaecium
921 1679 1072 1729 carmen
1093 1657 1286 1748 [φαλαικιον
1305 1684 1363 1746 μεῇ

172 1747 222 1821 24
257 1753 281 1790 “
297 1751 401 1844 spos]
428 1750 642 1826 aPloheco
659 1755 858 1829 inventore
884 1753 1051 1828 dictum:
1079 1754 1189 1826 *Alio
1208 1750 1360 1825 nomine

258 1853 281 1888 “
296 1846 436 1920 dicitur
453 1847 819 1947 hendecasyllabum,
837 1876 859 1926 a
874 1876 1034 1927 numero
1048 1851 1194 1926 seilicet
1206 1851 1364 1945 syllaba-

262 1953 287 1986 “
303 1951 420 2019 rum.”
467 1946 587 2045 Atqui
601 1951 872 2027 Terentianum
888 1959 1095 2038 auctorem,
1111 1960 1297 2047 quantum
1313 1945 1364 2020 ad

257 2055 382 2143 poetae
399 2067 537 2122 nomen
555 2047 704 2138 attinet,
722 2051 863 2126 frustra
878 2051 1052 2126 laudavit
1077 2050 1143 2146 qui
1161 2048 1259 2122 hauc
1276 2047 1365 2121 doo-

257 2144 397 2219 trinam
412 2157 649 2223 commeutus
661 2159 731 2224 est.
783 2151 897 2249 Apud
911 2175 999 2224 eum
1017 2149 1151 2246 utique
1164 2155 1290 2246 poeta,
1304 2145 1363 2219 uti

257 2242 378 2331 vides,
392 2268 469 2318 non
479 2245 561 2342 jam
573 2248 782 2338 Pontem,
792 2250 1076 2324 sedPlsoIaeeiua
1088 2247 1204 2322 audit.
1257 2246 1365 2319 Idem

257 2342 384 2418 minus
394 2348 498 2419 recte
515 2348 663 2422 censuit
676 2349 831 2424 unicum
848 2373 929 2424 esse
942 2349 1214 2424 Phalaeciorum
1229 2367 1364 2444 genus.

259 2441 359 2636 gapt
374 2437 768 2642 appplss'ffentianum
793 2447 955 2523 alterum
982 2448 1151 2524 occurrit
1181 2469 1268 2544 pag.
1302 2449 1324 2518 t
1329 2450 1363 2517 1.

311 2675 432 2752 Nullo
447 2703 524 2753 meo
530 2683 614 2783 jam
630 2683 758 2758 sedeat
775 2685 883 2759 turba
888 2685 1056 2784 profano
1072 2683 1161 2756 loeo.
1249 2683 1252 2688 ’
1347 2701 1350 2710 ’

259 2809 388 2908 Atque
404 2813 477 2887 hoo
502 2816 657 2910 quidem
684 2818 763 2892 bini
790 2842 921 2894 versus
948 2841 1065 2915 supra
1084 2815 1228 2891 laudati
1250 2811 1368 2912 respi-

247 2909 378 3028 oiunt.
432 2913 506 2986 Sed
523 2913 596 2988 hoo
610 2915 742 2990 obiter.
795 2917 944 2991 Deinde
961 2925 1102 3002 autem,
1116 2936 1308 3001 versuum,
1325 2912 1367 2986 in

262 3141 335 3204 tisun
360 3145 447 3222 paulo
475 3160 542 3206 ante
568 3147 717 3208 retulimus
750 3169 789 3208 ex
839 3148 962 3208 listioffl
982 3145 1143 3224 [Plo'lieiwo
1153 3143 1182 3203 J.
1195 3143 1232 3204 G.
1243 3142 1367 3204 Vossius

262 3223 482 3303 Hephaestione,
496 3231 539 3306 Τῇ
551 3230 655 3308 χθονὶῃ
668 3233 789 3306 μυστικὰ
838 3229 875 3288 de
889 3233 968 3306 poet.
978 3227 1030 3285 Gr.
1037 3246 1067 3303 p.
1076 3229 1124 3284 65.
1133 3225 1158 3282 si
1169 3225 1224 3282 rite
1235 3221 1367 3302 memini]

263 3305 299 3360 Δ.
320 3316 377 3363 ete.
403 3325 490 3382 quem
517 3327 633 3366 versum
666 3309 707 3367 sie
734 3309 789 3368 ibi·
838 3327 868 3387 p.
883 3311 952 3366 298.
980 3305 1044 3364 Has
1059 3305 1166 3364 formas
1179 3303 1278 3362 Suidae
1298 3321 1368 3362 suo·

262 3382 439 3444 demLstine
451 3385 587 3456 reddidit,
601 3389 790 3447 autimitatus
839 3388 954 3446 toritate
976 3385 1086 3462 optime
1105 3384 1237 3454 munivit,
1258 3395 1288 3442 et
1309 3382 1368 3442 leni

263 3475 309 3521 est
352 3461 585 3536 Fortunatisnus‚
627 3467 790 3547 Frugiferoe
839 3466 1060 3544 transpositione
1074 3483 1135 3522 rem
1148 3463 1291 3535 coniecit3
1312 3461 1369 3524 Di·

263 3561 347 3601 σασα
371 3544 434 3604 deoe
458 3567 523 3624 quoe
547 3547 638 3606 solitis
663 3548 790 3625 mystica,
841 3547 916 3606 citur
937 3546 992 3604 hoe
1019 3544 1117 3602 Cereri
1129 3566 1165 3602 m.
1179 3565 1204 3603 o.
1225 3542 1369 3604 Philiscus

256 3623 420 3701 junctaque
458 3625 523 3684 Jooi
555 3627 671 3704 nefasto.
719 3626 791 3685 Fru—
834 3625 993 3702 .Hymnos;
1006 3623 1368 3684 tumultuantem

260 3700 358 3778 pejero
372 3701 430 3760 dea
449 3716 496 3762 est
509 3707 656 3782 Δημήτηρ.
676 3704 792 3783 Jupiter
835 3705 989 3764 ,Nimirum
1003 3704 1079 3764 idem
1093 3703 1222 3763 Philisto
1243 3721 1277 3764 se
1299 3701 1369 3760 Phi-

262 3779 402 3851 neisstus‚
437 3782 453 3839 d
483 3782 632 3861 κλῦμενος,
663 3784 719 3844 hoc
748 3799 793 3844 est
840 3783 947 3856 liseus3
983 3797 1015 3843 ut
1046 3783 1176 3850 νεανικὸς
1211 3782 1367 3846 reorterio.

258 3856 360 3930 Pluto,
372 3863 474 3937 juncto
493 3862 558 3920 Jooi
577 3864 696 3942 nefasto,
717 3861 790 3923 Pro·
842 3869 1019 3945 Σωφρονίκος
1030 3862 1195 3942 (sirenum)
1208 3863 1369 3940 deoperto·

261 3938 792 4101 :murmurum
843 3942 1369 4097 numerurm

262 4095 311 4155 De
333 4099 430 4157 verbis
450 4099 616 4162 Terentisni
639 4044 727 4180 ruphi:
749 4104 792 4162 al·
843 4105 955 4180 κράτης.
977 4049 1142 4164 pl’clilisoias
1162 4109 1189 4156 et
1215 4097 1369 4160 Philiscios

257 4173 329 4234 latis
350 4179 392 4236 sic
412 4178 597 4240 doctissimus
617 4180 791 4242 Professor:
842 4183 988 4243 inchoavit
1004 4181 1180 4240 cultissimus
1196 4177 1369 4245 Sanmite.-

263 4259 283 4287 “
304 4255 381 4314 Mihi
405 4259 523 4334 quidem
542 4261 659 4320 minime
671 4263 791 4322 dubium
843 4264 895 4321 sed
905 4263 943 4321 ad
952 4281 1049 4320 meum
1060 4259 1156 4316 saltim
1165 4277 1368 4337 seusumprsa·

262 4345 308 4392 est
320 4336 390 4412 quin
403 4338 432 4396 iu
445 4339 534 4415 priori
543 4359 627 4400 versu
644 4341 791 4414 Philiscus,
841 4355 899 4402 stat
911 4339 1066 4419 uaesordti
1074 4339 1251 4400 instauratio.

263 4411 293 4476 iu
311 4413 463 4496 posteriori
484 4421 584 4500 reponi
603 4421 707 4482 debeat
719 4421 791 4484 Pli-
