3096 4932
794 403 869 472 412

177 609 270 723 suver.
383 603 435 670 Ον
448 629 491 690 μη
508 599 751 684 ΛΑΛΗΣΕΙΣ,
774 597 843 667 αλλ
862 595 1231 668 ΑΚΟΔΟΥΘΗΣΕΙΣ
1248 623 1329 686 epm.

168 777 270 802 ...-
284 733 372 817 Quo
383 732 508 806 minus
521 740 649 807 nutem
661 731 808 806 mireris
826 727 1010 805 noristum
1024 727 1315 826 subjunctivum
1325 749 1404 826 pro

282 831 413 906 futuro
443 831 651 907 indicativo
678 831 853 905 librarios
880 830 1083 927 aliquando
1113 851 1301 916 exarasse,
1330 827 1404 901 ubi

281 930 331 1005 de
350 951 440 1005 vera
466 931 629 1006 lectione
648 932 760 1006 metri
779 931 876 1006 ratio
894 931 1000 1016 silet;
1028 927 1144 1004 faciet
1159 929 1265 1026 quod
1289 928 1403 1026 apud

281 1029 509 1127 Sophoclem
557 1031 643 1124 [Tr.
670 1033 781 1126 980.]
818 1039 953 1106 contra
995 1030 1227 1108 certissimas
1261 1051 1403 1106 versus

280 1131 501 1228 anapaestici
516 1132 620 1228 leges
638 1130 739 1206 idem
755 1131 902 1206 sactum
919 1132 1148 1229 reperiatur:

384 1273 435 1339 On
450 1299 493 1360 μη
512 1271 764 1342 ΞΕΓΕΙΡΗΙΣ
779 1301 839 1341 τον
856 1271 947 1366 ὕπνῳ
965 1301 1125 1368 κατοχον,

384 1371 600 1464 Kprcxrvnopc,
624 1398 839 1465 rpvoorrropc.

284 1485 427 1566 Prioris
445 1491 578 1589 utique
607 1515 740 1566 versus
769 1493 907 1592 pedem
937 1492 1148 1570 secundnm
1174 1491 1248 1566 hoc
1278 1499 1402 1590 pecto

284 1591 392 1666 vides
410 1615 492 1668 esse
508 1589 707 1666 bacchium
724 1604 915 1691 onnpaesto
937 1593 1172 1690 temporibus
1197 1593 1399 1708 imparem.

286 1687 437 1787 Legent
463 1712 554 1765 vero
568 1690 747 1788 deinceps
775 1693 848 1767 nisi
872 1693 940 1788 qui
965 1702 1045 1767 tam
1068 1715 1252 1768 sermonis
1280 1717 1402 1791 quom

285 1790 397 1862 metri
413 1787 579 1863 indolem
596 1811 736 1886 susque
753 1791 878 1890 deque
894 1791 1048 1879 hubent,

387 1934 438 2001 Ou
454 1961 496 2019 μη
514 1929 741 2002 ΞΕΓΕΡΕΙΣ
758 1961 816 2003 τον
833 1931 924 2026 ὕπνῳ
942 1961 1102 2028 κατοχον,

388 2029 721 2115 ΚΑΚΚΙΝΗΣΕΙΣ,
750 2033 1091 2104 ΚΑΝΑΣΤΗΣΕΙΣ.
1190 2067 1223 2122 s

289 2163 372 2240 Hos
382 2171 511 2241 nutem
522 2162 587 2261 qui
601 2165 797 2264 excipiunt
809 2189 940 2244 versus
952 2165 1005 2243 sic
1019 2163 1268 2266 dispertiendi
1282 2175 1397 2241 sunt:

388 2302 532 2376 Φοιταδα
549 2303 651 2384 &cunr
669 2335 767 2377 vocor
783 2339 809 2378 ω
826 2337 947 2380 τεκνον.
1001 2310 1075 2377 ΥΛ.
1128 2307 1206 2376 All

539 2407 604 2475 Επι
620 2436 670 2476 τοι
687 2406 787 2500 μελεῳ

440 2508 551 2602 Βαρος
569 2505 712 2577 απλετον
728 2536 876 2599 εμμεμονε
894 2522 990 2603 φρην.

203 2639 312 2730 224?
330 2633 444 2714 Libet
459 2623 556 2714 hunc
572 2661 687 2738 porro
704 2640 940 2716 occasionem
962 2639 1141 2739 amplecti
1159 2640 1207 2714 de
1223 2640 1396 2716 versibus

205 2743 209 2752 '
288 2739 453 2836 primum
467 2740 569 2836 apud
583 2739 810 2838 Sophoclem
823 2741 862 2813 in
874 2737 992 2836 Ajace
1010 2741 1179 2835 [165-]
1194 2742 1394 2840 onapaesti-

288 2860 377 2910 cum
394 2847 558 2936 systema
575 2838 849 2927 claudentibus,
876 2839 969 2937 quid
986 2841 1159 2926 sentiam,
1185 2839 1392 2939 aperiendi.

289 2935 322 3008 ii
339 2943 467 3010 cutem
484 2936 538 3010 sic
554 2937 670 3034 vulgo
686 2937 885 3014 feruntur:
940 2935 946 2949 '

386 3075 422 3142 Χ
440 3103 526 3161 ημεις
539 3073 628 3144 order
645 3075 796 3169 σθενομεν
812 3109 896 3175 προς
913 3111 989 3150 ταυ-

386 3201 404 3240 r
422 3169 651 3258 απαλεὲασθαι,
676 3203 736 3243 σου
752 3207 868 3273 χωρις.

386 3272 464 3343 All
482 3264 534 3340 ὅτε
548 3301 612 3370 γαρ
625 3271 663 3352 dn
681 3303 720 3342 ro
736 3304 796 3344 σον
814 3309 878 3368 ομμ
891 3277 1044 3374 απεδραν,

386 3377 609 3470 Hermonem,
637 3369 690 3441 dre
707 3404 834 3452 πτηνων
852 3379 966 3475 αγελαι

386 3477 506 3570 Μεγαν
522 3503 672 3570 αιγυπιον
689 3472 923 3556 ὑποδεισαντες·

384 3575 462 3668 Ταχ
479 3605 519 3642 αν
537 3575 684 3667 edendune
700 3605 725 3646 rr
748 3607 788 3645 συ
803 3595 943 3671 pavetne,

387 3671 471 3766 Σιγῃ
488 3672 638 3754 prodetur
654 3691 786 3768 αφωνοι.

1516 3721 1517 3732 l

1430 3754 1441 3766 “
1516 3741 1517 3820 l

1516 3823 1517 3832 ,

286 3795 428 3873 Versus
444 3807 632 3881 sccundus
650 3809 801 3906 adjecto
818 3811 858 3884 in
875 3809 950 3886 fine
967 3814 1049 3895 αναΕ
1065 3815 1313 3914 complendus
1332 3829 1389 3895 est
1516 3865 1517 3900 r

149 3949 151 3957 ,
284 3919 362 3972 non
388 3898 468 3974 sine
503 3903 615 3979 MSS.
652 3907 759 3982 Bodl.
796 3910 915 3986 Laud.
948 3913 1077 3989 Baroc.
1115 3917 1315 4016 utriusque
1349 3931 1389 3996 et
1516 3903 1517 3930 ³

285 3996 412 4072 Suidn
428 4003 667 4092 auctoritate,
813 4047 818 4058 ·

382 4124 610 4206 Απαλεξασθαι
626 4158 685 4199 σου
702 4160 817 4227 χωρις,
843 4137 971 4210 ΑΝΑΞ
983 4135 1020 4209 ⁸⁵.

323 4331 371 4384 86.
394 4335 412 4362 ‘⁸
431 4329 513 4407 Lege
533 4338 584 4390 σοῦ
603 4333 700 4408 χωρὶς,
720 4331 804 4402 ἅναξ,
854 4335 902 4394 ed.
923 4336 994 4396 Ald-
1024 4337 1106 4398 Suid.
1135 4361 1163 4400 v.
1185 4344 1380 4410 ἁπαλίξαὸθα

280 4419 346 4462 oum
356 4404 454 4475 Ιί.1.).,
467 4424 496 4469 et
504 4409 629 4470 Healdr'o
638 4429 673 4471 ex
683 4415 703 4469 4
714 4409 804 4470 MSS.
854 4412 937 4490 (MS.
959 4413 1056 4490 Trio.)
1077 4416 1147 4478 H.''.
1157 4421 1197 4479 R.
1211 4423 1250 4484 P.
1272 4424 1378 4484 Adm.
