3032 4958
331 385 393 460 xl*
662 379 665 386 ⁴
762 409 976 468 nnmerum.

329 583 470 661 laboris
492 584 582 674 mei,
599 585 727 672 velim,
745 584 872 661 faveas
889 593 995 673 voto,
1009 585 1210 684 indulgeas
1223 586 1434 664 ,audeciaefl'

323 709 403 790 ,Illa
418 731 510 784 vero
527 709 612 807 ipsa
628 711 755 809 operis
769 709 894 787 denuo
908 709 1052 807 incepti
1067 709 1301 787 lentitudine
1318 711 1433 791 fiebat

330 842 375 908 ut
393 833 513 908 multe
530 834 772 932 corrigerem,
789 835 900 934 plura
922 833 962 908 in
986 833 1123 910 melius
1141 834 1369 932 digererem,
1395 845 1433 913 et

327 957 385 1032 rei
402 958 499 1034 bene
518 960 695 1056 gerendae
712 968 970 1036 succresceret
992 959 1145 1034 uberior
1167 982 1290 1058 seges.
1344 961 1432 1039 Non

326 1090 511 1178 gravatus
537 1107 661 1158 essem
686 1084 968 1184 quamplurima
994 1083 1218 1172 rescribere,
1243 1091 1285 1160 et
1303 1086 1429 1162 denuo

325 1227 419 1280 cusa
435 1205 476 1280 in
492 1207 664 1284 ordinem
681 1209 802 1308 magis
824 1209 995 1288 lucidum
1012 1209 1200 1308 redigere,
1222 1209 1255 1284 si
1273 1217 1428 1311 tempus

323 1329 419 1406 mihi
435 1342 503 1406 eut
518 1355 543 1407 a
559 1332 735 1430 pueritiae
751 1335 955 1434 disciplina
978 1342 1048 1410 aut
1071 1335 1119 1410 ab
1144 1332 1229 1410 eliis
1256 1335 1426 1434 negotiis

323 1465 509 1535 recesset.

382 1584 588 1684 Reliquum
616 1609 738 1660 unum
768 1585 863 1660 illud
897 1594 968 1674 est,
994 1584 1099 1682 quod
1129 1582 1344 1683 plurimum
1367 1607 1426 1659 me

321 1710 457 1784 Museo
494 1709 718 1784 Britannico
752 1707 949 1808 Proefecti,
976 1718 1015 1784 et
1051 1706 1212 1808 Collegit
1242 1710 1288 1784 S.
1318 1710 1362 1785 S.
1392 1719 1428 1784 et

320 1833 447 1910 ludio.
486 1833 691 1910 Trinitatis
718 1833 822 1932 apud
855 1833 1191 1932 Cantabrigienses
1225 1855 1425 1932 propense

318 1958 390 2036 hec
406 1961 446 2034 in
458 1983 501 2036 re
518 1959 709 2036 voluntati
723 1959 863 2034 debere
875 1957 1066 2057 profitear.
1121 1957 1247 2032 Sociis
1264 1956 1426 2058 Collegit

317 2085 409 2160 Jesu
424 2085 579 2173 ibidem,
596 2093 755 2184 propter
772 2102 961 2158 summam
987 2082 1105 2158 enimi
1134 2084 1423 2182 benignitatem,

316 2219 408 2286 rote
439 2209 565 2286 fecere
596 2209 702 2284 nullo
733 2225 902 2306 unquam
936 2216 1111 2306 tempore
1144 2208 1352 2283 desistam:
1386 2213 1423 2281 et

315 2334 607 2410 beneficentiam
631 2331 853 2410 “Virorum
883 2333 1191 2408 doctissimorum
1214 2343 1333 2432 etque
1355 2333 1420 2406 hu·

315 2459 632 2544 manissimorum
649 2457 789 2556 quibus
809 2457 1082 2556 Typogruphei
1099 2459 1222 2534 nostri
1245 2482 1340 2536 cura
1357 2458 1418 2532 de·

313 2583 492 2658 mandata
521 2585 607 2670 est‚’'
629 2581 804 2680 jucunda
834 2590 875 2656 et
901 2591 1011 2680 grata
1033 2584 1311 2671 recordatione,
1329 2581 1419 2656 dum

314 2709 456 2798 rivum,
487 2707 730 2805 complectar.
798 2707 1019 2792 Quinetiam
1051 2730 1217 2805 pronum
1250 2707 1419 2782 animum

313 2835 529 2909 Reverendi
560 2843 599 2908 et
633 2833 807 2931 perdocti
841 2832 931 2928 uiri,
958 2830 1138 2907 Edoordr'
1168 2829 1322 2918 Moiser,
1351 2827 1417 2927 qui

312 2981 453 3032 munus
471 2981 494 3032 a
512 2957 688 3032 Dewesio
704 2956 796 3030 olim
809 2965 1034 3054 susceptum
1051 2957 1236 3033 hodierno
1255 2956 1319 3032 die
1338 2963 1416 3030 tem

312 3081 471 3156 honeste
490 3080 717 3178 exsequitur
734 3079 971 3179 feliciterque
996 3085 1199 3180 gubernat,
1225 3090 1361 3179 gratus
1377 3085 1416 3153 et

310 3229 457 3282 memor
475 3229 654 3303 agnosco.
707 3205 779 3281 Est
792 3215 832 3282 et
850 3207 956 3295 alter,
971 3208 1150 3307 egregius
1162 3231 1252 3282 sene
1268 3207 1340 3294 vir,
1350 3201 1414 3302 qui

310 3342 443 3408 nostre
461 3343 553 3408 vote
568 3356 640 3431 pro
657 3355 728 3406 suo
750 3329 790 3402 in
811 3331 1029 3406 Dawesium
1047 3332 1176 3407 studio
1197 3329 1414 3406 humaniter

310 3456 518 3557 promovit,
536 3465 576 3532 et
593 3454 707 3553 cujus
721 3453 851 3528 laudes
872 3477 942 3529 sua
957 3456 1146 3532 modestia
1166 3455 1363 3555 opprimit

313 3655 317 3664 ,
363 3583 510 3657 Dnbom
525 3581 964 3666 m.Nov.rr1>ccexv11.;
1004 3580 1259 3678 Wymoodumi
1276 3587 1410 3658 retrec-

309 3707 439 3780 tabam
455 3730 505 3780 m.
525 3705 621 3780 Maii
638 3684 891 3780 runcecxxvrr.

315 3837 339 3860 ·'
361 3831 523 3928 Pogiues
555 3831 733 3907 editionis
763 3830 897 3929 prime
924 3830 964 3904 in
990 3829 1162 3928 margine
1193 3825 1344 3915 retinui,
1371 3829 1409 3898 et

308 3955 525 4031 fidelissime
547 3956 739 4055 expressi;
768 3964 807 4032 et
830 3955 939 4032 iniis
961 3955 1126 4034 citandis
1154 3955 1292 4032 vocula
1308 3951 1408 4051 ofin

306 4081 530 4180 designetis,
548 4083 682 4157 eedem
700 4081 869 4156 editione
893 4105 986 4158 usus
1003 4105 1100 4158 sum.
1154 4081 1407 4166 Quotiescun-

205 4205 208 4214 ‘
306 4207 715 4307 queAppendicemiu
729 4205 830 4282 uotis
842 4205 1019 4306 respicio,
1034 4206 1217 4287 lectorem
1229 4212 1404 4306 rogatum

307 4329 394 4407 volo
410 4342 456 4409 ut
471 4331 630 4432 paginas
647 4331 697 4407 ud
714 4331 813 4409 huuc
829 4329 1039 4410 editionem
1053 4329 1228 4430 refingat.
