3080 4942
808 427 882 497 578

193 652 284 704 sscr.
297 625 472 702 Postulat
497 647 589 700 vero
615 623 691 700 loci
718 621 868 698 indoles
894 623 1057 702 verbum
1081 623 1403 730 presens-imper·

183 719 441 838 Liectum
466 726 582 800 video.
634 723 768 800 Lectio
785 723 942 822 vulgato
957 723 1012 800 sic
1028 733 1352 824 representatur:

348 872 400 947 Ως
416 898 454 938 ου
471 868 613 964 rodope).
657 869 757 961 Παμα
772 896 832 944 την
850 863 986 936 εισοόον.
1030 866 1103 948 Hirr
1121 897 1180 938 νυν
1194 869 1297 958 μολις
1315 863 1393 963 ripn.

188 1045 195 1058 ·
299 1003 387 1086 Quo
405 1011 519 1100 pecto
538 1001 577 1076 in
603 1024 735 1078 versus
754 999 828 1081 fine
855 1023 924 1098 pes
954 1001 1104 1102 integer
1134 1003 1254 1080 deest.
1312 1003 1409 1076 Eum

187 1119 197 1128 '
297 1111 428 1183 eutem
444 1127 492 1178 ex
509 1112 692 1204 sequente
706 1109 766 1178 sat
778 1101 976 1178 commode
994 1103 1256 1202 suppleveris:

399 1279 599 1302 ··-··-·-··-··-
617 1241 691 1322 Ηδη
709 1271 767 1311 νυν
783 1242 880 1332 podet
895 1237 964 1336 ipo
982 1247 1142 1314 ΑΎΤΑΣ.

299 1377 358 1452 lbi
377 1377 510 1476 utique
522 1377 688 1476 legitur:

501 1523 573 1589 Nuv
587 1551 625 1616 ys
643 1549 693 1590 τοι
709 1519 767 1602 ndu
783 1523 926 1622 rudoppe
950 1525 1151 1592 ΑΥΤΑΣ-

213 1655 323 1738 322*
344 1653 483 1729 Versus
497 1654 652 1752 quidem
669 1653 725 1730 ita
738 1659 959 1734 emendatus
972 1681 1050 1734 non
1063 1665 1121 1732 est
1133 1655 1234 1732 inter
1246 1653 1410 1732 maxime

297 1753 534 1832 humerosos.
588 1755 663 1830 Sed
676 1765 882 1846 esttamen
898 1759 1105 1858 legitimus.
1159 1755 1265 1840 Quin
1280 1767 1322 1830 et
1339 1751 1410 1852 ipsi

299 1853 391 1929 huic
409 1855 590 1953 quicquid
618 1865 676 1930 est
706 1857 939 1935 incommodi
956 1869 1106 1934 mutato
1130 1859 1340 1935 verborum
1356 1877 1411 1928 or·

301 1956 390 2030 dine
409 1955 603 2031 subveniri
621 1958 788 2054 poterit:

401 2133 699 2155 -···’·····-’·-
717 2097 791 2178 Ηόη
808 2094 875 2196 tipo
891 2131 952 2172 νυν
966 2099 1066 2188 polite
1082 2129 1181 2177 uuroc
1194 2095 1243 2168 ³⁰⁸.

343 2297 412 2352 ³02.
428 2292 518 2352 “Sed
531 2291 605 2353 illud
617 2295 706 2361 αὐτὰς
719 2296 829 2356 incom-
882 2292 953 2357 icius
965 2308 1066 2357 contra
1080 2309 1220 2375 tempora,
1233 2296 1258 2354 ti
1272 2315 1332 2355 non
1345 2311 1408 2352 eou-

299 2373 633 2445 moderationum
653 2375 718 2439 hec
740 2379 830 2438 rerba
880 2391 1070 2449 tremetrum,
1084 2375 1188 2456 έόρων.
1230 2375 1316 2442 Quid
1329 2375 1411 2453 igitur

302 2455 483 2536 Strepeiedes
496 2455 635 2534 loquitur,
655 2458 706 2535 qui
727 2475 830 2520 versus
880 2460 937 2519 lroc
967 2477 1054 2520 versu
1081 2455 1272 2521 laciendum?
1316 2455 1409 2519 Primo

302 2535 384 2596 initio
395 2556 453 2596 non
464 2536 616 2597 addiderit.
644 2535 830 2619 Superscrip·
882 2539 975 2599 verim
986 2538 1125 2598 lectiones
1136 2539 1301 2600 videamus.
1332 2535 1409 2595 Olim

303 2629 366 2674 turn
383 2637 438 2695 pro
461 2618 697 2697 interpretatione
721 2620 751 2679 in
771 2640 830 2680 uno
881 2620 1008 2698 vulgetae
1022 2619 1172 2690 editiones,
1193 2617 1247 2691 ἤδη
1262 2627 1317 2678 νῦν
1332 2619 1409 2697 μόλις

302 2695 372 2762 MS.
382 2697 441 2756 vidi
454 2719 462 2768 3
477 2698 508 2758 in
519 2711 602 2760 textu
613 2700 736 2778 quidem.
744 2701 833 2762 hebet
882 2703 950 2778 ὁρῶ.
972 2695 1063 2760 MSS.
1085 2701 1204 2779 quidum
1224 2721 1281 2780 pro
1296 2697 1408 2760 vorht-

298 2775 373 2838 MS.
392 2777 557 2850 Ravennae,
575 2779 718 2840 sedidem
734 2795 833 2846 contre
882 2783 953 2842 bent
969 2786 1021 2840 νῦν
1034 2783 1089 2852 roi,
1104 2781 1153 2841 elii
1168 2783 1241 2851 νυνὶ,
1263 2779 1409 2859 inquibus

301 2878 420 2918 sensum
435 2861 491 2938 ὁρῶ
505 2860 621 2920 omittit.
642 2861 734 2927 Quod
745 2862 834 2923 habet
882 2875 1017 2940 quotuor,
1026 2881 1102 2940 quos
1112 2863 1175 2941 ipse
1188 2861 1322 2941 inspexi3
1336 2859 1408 2934 dupe·

302 2937 393 2998 MSS.
421 2938 482 2998 fere
515 2939 635 2999 dimidiu
661 2961 729 3020 pars
755 2946 832 3022 ἀθρῶ
904 2963 937 3002 ro
958 2945 1015 3021 όμιό
1037 2943 1137 3014 multi;
1160 2955 1287 3022 utroque
1307 2940 1408 3002 omitto

302 3019 428 3098 probunt
442 3019 587 3079 Kusterus
597 3033 626 3079 et
637 3021 706 3095 ulii3
722 3025 752 3083 in
766 3039 832 3082 tex·
882 2963 1046 3096 Ravennae,
1069 3023 1121 3096 ἤδη
1137 3026 1200 3084 νυνὶ
1215 3026 1301 3104 μόλις
1314 3020 1407 3082 uirdt·

302 3111 366 3158 tum
395 3099 492 3158 intulit
519 3098 692 3172 Brunckius,
727 3103 830 3182 όιαθρῶ
881 3103 1036 3183 Equidem,
1068 3106 1091 3164 si
1124 3105 1190 3183 quis
1214 3125 1253 3164 ex
1281 3104 1407 3164 dissensu

304 3182 369 3240 νυνὶ
378 3182 464 3260 μόλις
471 3177 559 3254 Ἤδη.
581 3181 640 3240 Sed
651 3183 764 3242 felicius
775 3185 831 3244 hoc
881 3185 1023 3246 Codicum
1034 3200 1146 3264 urgerat,
1161 3181 1406 3262 hunetocumjam

303 3261 495 3342 compositum
515 3262 640 3322 restituit
661 3259 831 3344 [Kurterur]
880 3279 946 3325 ante
956 3286 1057 3325 eorum
1069 3279 1186 3326 aetutenr
1201 3265 1280 3326 soede
1291 3281 1405 3340 corrup·

302 3341 423 3402 Thesm.
447 3345 516 3402 665.
567 3341 714 3404 Praeteree
737 3361 831 3405 metro
880 3359 942 3406 turn
956 3347 1047 3406 luisse
1064 3361 1095 3406 et
1108 3347 1259 3408 veritatem
1279 3348 1310 3406 in
1323 3355 1406 3424 puteo

303 3437 420 3486 evectus
430 3421 530 3484 ἔσοδον
542 3425 651 3496 scribit,
663 3425 743 3504 quod
755 3447 831 3486 nun·
879 3426 978 3497 latere,
1008 3447 1066 3487 non
1086 3429 1272 3488 vehementer
1295 3441 1404 3503 negem·

303 3525 392 3582 quem
415 3505 494 3584 apud
515 3504 660 3577 Comicus,
680 3517 715 3566 ut
737 3527 831 3585 neque
881 3507 932 3567 Sin
948 3509 1015 3587 quis
1037 3529 1053 3568 e
1074 3507 1164 3568 MSS.
1186 3509 1317 3588 vestigiis
1340 3499 1406 3583 quid

303 3584 457 3662 quiequam
489 3586 570 3648 eliud
603 3607 709 3647 nornen
738 3589 775 3647 ab
802 3589 832 3658 ές
880 3588 1052 3649 eliciendum
1063 3609 1205 3660 censeam,
1216 3589 1353 3667 requiret,
1364 3601 1405 3642 re·

302 3663 494 3744 compositum
506 3668 658 3746 reperitur.
674 3667 831 3729 Rarissime
881 3670 1040 3747 spondebo,
1061 3690 1110 3728 rne
1131 3683 1222 3729 totam
1242 3665 1405 3730 sententiam

302 3745 429 3815 omnino,
439 3758 468 3804 et
479 3765 589 3818 vereor,
600 3768 637 3807 ne
645 3749 674 3807 in
683 3749 755 3808 loeis
766 3763 831 3810 tan·
881 3751 995 3810 Socrati
1003 3752 1172 3812 continuere
1180 3749 1404 3826 mdteetlegero

306 3838 370 3882 turn
387 3825 541 3897 mendosis,
567 3829 597 3894 ές
609 3843 676 3887 ante
700 3831 831 3890 vocalem
881 3835 941 3890 ΣΩ.
955 3835 1027 3891 Nori
1039 3832 1110 3911 μόλ’
1124 3835 1222 3910 ἀθρῶν
1232 3827 1324 3906 βλέπε
1339 3821 1404 3902 πρὸς

302 3919 454 3984 usurpent.
497 3905 832 3991 Atptllltco’dpri,prae·
882 3915 934 3982 nir
948 3913 1061 3974 sicodor
1074 3912 1136 3985 ἤδη.
1179 3917 1241 3971 Νῦν
1253 3917 1288 3988 γε’
1301 3933 1340 3971 τοι
1354 3901 1400 3976 ἤδη

300 3998 432 4064 terqusnr
459 3987 539 4065 quod
561 3989 682 4050 licenter
706 3991 831 4070 priorem
882 3995 1013 4072 radopde'
1029 3993 1204 4062 αότὰς-Ιη
1229 4013 1289 4072 quo
1311 3981 1401 4050 eddrdr

298 4067 445 4146 producit,
476 4087 542 4127 eum
569 4070 701 4132 Dowerio
728 4075 831 4151 opinor
880 4071 1045 4146 βλέπον.
1062 4081 1131 4134 322.
1160 4075 1255 4134 Βλέπε
1270 4081 1319 4134 νῦν
1333 4063 1401 4142 δευρὶ

299 4167 358 4209 non
385 4149 443 4208 dici
470 4169 557 4228 posse
580 4171 635 4229 pro
655 4154 740 4230 μόλις
764 4155 831 4230 ipsi.
880 4153 951 4232 πρὸς
973 4157 1026 4226 τὴν
1049 4157 1200 4232 Πάρνηθα.
1251 4153 1339 4214 docus
1362 4155 1401 4202 &i

299 4225 393 4308 [α’θμῶ
409 4250 475 4290 cum
490 4232 668 4312 compositis,
683 4246 712 4294 et
725 4233 829 4298 similis
881 4231 1007 4294 Cornicis
1022 4235 1147 4314 antiquis
1162 4235 1297 4308 solennis,
1312 4245 1342 4292 ut
1357 4243 1398 4316 80:

299 4313 350 4370 vix
374 4331 503 4389 unquam
528 4313 727 4390 producuntur
749 4315 829 4392 apud
880 4327 971 4374 torem
991 4331 1124 4394 personae
1138 4337 1226 4394 quero
1247 4319 1315 4394 ugit,
1333 4305 1399 4370 obil-

299 4389 446 4452 comicos.
459 4393 547 4454 R.B.
568 4395 693 4454 Kurtero
706 4396 734 4454 io
749 4395 827 4454 Mur.
879 4396 950 4456 visci
973 4397 1088 4468 sacient,
1110 4409 1139 4456 et
1164 4397 1202 4456 de
1223 4397 1333 4456 theatro
1352 4396 1395 4446 ⁸¹¹²

300 4473 372 4532 Cris.
401 4471 452 4533 N⁰.
476 4495 528 4545 vrr,
560 4497 589 4552 p.
614 4473 698 4554 436]
739 4476 828 4536 Benl-
879 4479 1102 4556 spectatoribus,
1130 4477 1213 4558 quusi
1241 4469 1395 4558 impruden·
