3148 4936
739 335 788 419 45

212 525 347 607 nullm
372 525 595 606 tantundem
621 527 724 630 quod
749 531 838 632 quin
863 531 1002 608 incidat
1029 532 1069 610 in
1097 527 1310 615 multon
1324 561 1414 618 sset.-

213 625 285 706 Vei
302 633 377 707 sic:
402 632 490 730 quin
504 630 638 705 nullum
655 632 879 708 tantundem
905 635 1006 708 volet
1034 635 1137 731 quod
1163 640 1313 735 quinon
1369 633 1391 680 ¹·

211 731 355 804 nullam.
408 729 569 804 Proinde
586 729 766 805 habemus
784 731 888 829 quod
901 733 1119 830 aequipollet
1132 768 1177 831 τῳ
1194 739 1259 834 qni
1274 740 1313 812 in
1325 733 1424 752 ““““

209 829 413 904 nonnullam
425 855 496 902 non
512 829 661 902 incidat.
698 829 770 904 Vel
786 831 947 928 deinque
962 832 1039 906 sic:
1069 833 1164 920 Quin
1176 870 1220 895 =
1241 838 1314 924 Qui

208 953 287 1004 non.
340 927 502 1002 Proinde
539 928 635 1016 Quin
662 925 808 1016 millum,
830 933 899 1004 dre.
918 968 962 992 =
980 927 1053 1020 Qui
1080 952 1150 1005 non
1179 935 1314 1010 nullum

208 1051 332 1102 earnm
348 1027 387 1100 in
403 1023 568 1125 regulum
584 1049 653 1100 non
678 1024 830 1102 incidat.
882 1029 976 1104 Dele
1000 1029 1197 1127 geminum
1214 1053 1313 1115 non:

208 1133 248 1200 et
263 1125 423 1200 restabit
444 1127 516 1214 Qui
531 1125 665 1200 nullum
676 1151 800 1201 earum
824 1125 863 1201 in
880 1127 1046 1227 regulum
1062 1129 1213 1205 incidat.
1266 1132 1312 1205 ld

208 1224 310 1321 quod
333 1225 420 1299 luce
442 1224 578 1299 clarius
595 1235 655 1300 est
672 1225 943 1302 Terentianum
962 1227 1138 1305 voluisse.
1191 1231 1313 1306 Crete·

144 1357 147 1370 ·
208 1345 293 1397 rum
309 1324 437 1421 pergit
450 1324 720 1421 grammaticus
735 1328 812 1420 [=
827 1329 1112 1422 1707-1710.]

257 1469 406 1544 Rarum
422 1471 614 1546 concedam
623 1499 638 1554 ,·
650 1471 745 1566 fieri
760 1496 829 1544 non
845 1495 961 1568 posse
977 1471 1144 1570 negabo:

307 1569 429 1668 Apud
440 1572 640 1644 Mororum
656 1570 745 1644 talis
761 1571 917 1644 incurrit
933 1571 1031 1658 milii,

198 1721 203 1732 .
259 1663 492 1764 Magnanimi
510 1669 612 1744 Iovis
629 1669 822 1765 ingratum
838 1670 1041 1744 ascendere
1064 1668 1210 1745 cubile:

309 1767 462 1866 Species
478 1769 516 1843 in
532 1769 639 1842 istum
659 1767 759 1842 nullu
768 1768 958 1866 praedicta
975 1767 1117 1842 incidit.

208 1907 349 1987 verum
365 1912 467 1988 haud
491 1915 628 1989 leviter
649 1913 791 1988 erravit
806 1914 928 1988 bonus
959 1913 1156 2010 Magister.
1210 1911 1310 1986 Num

208 2007 268 2080 ‘in
284 2009 387 2086 hunc
405 2011 556 2109 Virgilii
569 2035 722 2088 versum
738 2035 786 2086 ex
798 2012 991 2109 praedictis
1006 2012 1206 2110 speciebus
1223 2012 1309 2084 duae
1350 2029 1397 2098 18

206 2103 401 2194 inciduut3
429 2135 566 2210 nempe
582 2145 663 2203 τομη
680 2112 908 2208 πενθημμερης
926 2111 966 2185 in
982 2134 1116 2186 vocem
1131 2111 1171 2184 in
1191 2107 1198 2206 Ι
1216 2135 1309 2208 gra·

206 2214 280 2278 tum
309 2218 349 2281 et
380 2208 586 2307 ἑφθημιμερης
614 2211 655 2282 in
685 2211 739 2283 ad
759 2208 764 2308 Ι
785 2211 968 2284 condere.
1022 2209 1108 2284 Pari
1133 2208 1309 2307 profecto

203 2301 291 2398 jure
307 2327 355 2378 ex
369 2306 597 2382 Terentiano
625 2310 684 2422 [p.
703 2313 764 2380 54.
781 2309 806 2382 1.
829 2315 875 2382 19
890 2345 934 2370 =
951 2311 1084 2404 1411.]
1102 2307 1229 2403 quivis
1246 2309 1310 2384 ud-

207 2401 346 2477 ducere
362 2405 504 2500 poterit
520 2407 756 2480 trocharcum
772 2406 899 2493 istum,

304 2537 383 2613 Pes
399 2538 473 2613 erit
487 2541 659 2638 βακχειος,
675 2541 881 2640 αντιβακχος
897 2550 1016 2614 autem
1028 2549 1112 2614 time
1126 2541 1209 2614 erit.

206 2679 338 2746 contra
354 2675 525 2770 regulum
542 2699 657 2772 quam
674 2675 757 2772 ipse
784 2674 856 2748 sibi
883 2674 1105 2747 servandam
1132 2672 1309 2750 statuisse

205 2769 407 2867 profitetur
417 2771 475 2847 his
484 2774 611 2848 verbis
622 2781 731 2848 utens
745 2774 805 2872 [p.
816 2772 971 2860 17113,
981 2779 1035 2846 14.
1045 2773 1308 2865 =308,309]:

254 2915 442 3016 Regulum
457 2945 607 2996 seruans
623 2921 763 3019 ubique,
779 2919 868 2994 finis·
881 2927 925 2993 ut
942 2917 1190 3016 quartipedis

255 3015 431 3092 Nominis
447 3021 602 3096 verbine
617 3021 692 3094 fine
708 3042 856 3096 commu
871 3017 1037 3117 primurn
1053 3017 1230 3096 terminet
1244 3013 1292 3090 :³⁶

206 3247 309 3296 nocent
323 3249 353 3297 et
366 3238 499 3318 frugibus
520 3241 642 3301 umbrae.
664 3239 728 3300 Cic.
780 3257 812 3308 11,
836 3239 857 3296 i.
878 3237 996 3298 ninnium
1016 3246 1108 3295 nutem
1131 3235 1307 3314 ineptiarum,

204 3333 259 3392 pro
280 3313 389 3378 Archia
412 3339 454 3380 tv.
476 3317 529 3380 Mc
551 3331 642 3380 cutm
665 3320 733 3400 quid
777 3315 916 3396 'quem
927 3315 1232 3386 immaniinmanu
1242 3315 1307 3386 scio,

201 3393 316 3470 pudeat,
329 3397 376 3474 qui
387 3407 426 3456 nn
439 3419 526 3458 annos
539 3399 580 3460 itu
593 3399 662 3468 vico,
676 3397 730 3457 Jn·
780 3417 818 3454 an
828 3395 907 3454 nulla
919 3396 955 3453 rit
964 3397 1062 3472 major.
1081 3393 1193 3453 Lucan.
1204 3393 1306 3451 Phars.

205 3473 731 3557 dicer‚utabiliicnullonoenunqunm
783 3494 826 3543 lx,
855 3479 924 3533 569.
958 3472 1007 3531 An
1031 3482 1129 3532 noceat
1155 3471 1196 3530 cic
1228 3469 1308 3530 nulia

204 3559 326 3632 tempore
339 3557 639 3616 wicommodo-Lir.
783 3551 874 3612 bono?
907 3549 992 3612 conf.
1022 3552 1063 3611 D.
1071 3551 1112 3610 R.
1140 3551 1178 3611 od
1199 3549 1306 3609 Murci.

284 3672 295 3690 .
315 3631 404 3694 Nulla
413 3655 559 3714 nunquam
569 3637 731 3714 republica
780 3631 850 3690 Vol.
871 3652 892 3691 1.
916 3651 945 3708 p.
971 3635 1038 3690 341.
1071 3629 1133 3691 Cic.
1155 3632 1192 3689 de
1215 3629 1308 3689 Claris

203 3729 296 3772 neem
315 3709 369 3783 ’or,
378 3731 431 3772 nec
439 3715 573 3785 sanctior,
581 3734 635 3774 nec
646 3715 730 3775 bonis
781 3710 865 3770 Orat.
899 3715 966 3768 126.
1007 3707 1177 3790 Eloquentia
1199 3709 1308 3789 quidem

204 3808 310 3869 exemp
323 3791 345 3850 's
379 3787 466 3852 ditior
501 3791 568 3852 suit.
610 3793 728 3854 Suetnn.
780 3790 922 3850 nescionn
935 3787 1073 3848 inbuisset
1082 3787 1130 3868 [C.
1142 3786 1307 3866 Gracchus]

204 3865 295 3940 Nero,
309 3871 401 3930 xxvii.
421 3871 469 3930 Ac
480 3891 517 3931 ne
530 3872 656 3952 Augusti
684 3874 729 3932 ui·
775 3890 878 3948 parem
908 3869 1062 3929 neminem.
1097 3867 1174 3927 Hoec
1194 3881 1239 3926 est
1261 3865 1306 3924 lo·

205 3943 272 4005 dem
284 3969 388 4021 nomm,
412 3971 570 4090 quupgucm
593 3893 730 4012 beredita-
767 3947 889 4028 ¹quondi
905 3947 1087 4025 sormaapnd
1105 3947 1170 4006 illos
1183 3947 1233 4024 qui
1247 3945 1305 4002 In·

205 4023 287 4094 rivin,
307 4027 382 4098 ullis.
397 4029 451 4090 nui
516 4051 547 4090 re
568 4052 597 4091 es
617 4052 652 4090 cc
674 4031 728 4090 d·
778 4027 947 4106 tinslingua
962 4026 1127 4087 dominante
1142 4026 1305 4102 serigente

204 4112 311 4174 nmine,
342 4109 467 4187 epistolis
555 4111 614 4170 idit.
643 4053 729 4170 nuliis
778 4107 962 4184 scripserunt.

205 4179 274 4239 MS.
290 4197 375 4244 recte.
390 4187 477 4248 R.B.
500 4189 561 4250 Cic.
587 4189 677 4249 Tusc.
699 4209 728 4261 v,
820 4191 870 4245 36.
893 4185 978 4244 Conf.
991 4184 1029 4243 R.
1041 4183 1080 4244 D.
1093 4183 1303 4258 infrrpp.298.

204 4259 244 4318 vi.
259 4259 337 4320 nulls
350 4282 386 4322 ne
399 4267 513 4328 minima
525 4270 643 4408 Quidem
655 4289 730 4328 auru
781 4269 850 4326 ³41.
869 4263 938 4323 Ter.
960 4263 1058 4322 Maur.
1076 4281 1105 4338 p.
1122 4266 1170 4319 21.
1186 4259 1206 4318 l.
1225 4262 1253 4318 1.
1265 4283 1300 4310 =

554 4350 591 4410 ic·
600 4347 730 4410 deotat-
778 4363 809 4405 v·
823 4347 893 4404 417.
907 4339 985 4409 'Ytsc
1005 4351 1036 4401 ui
1052 4339 1154 4411 inunt,
1168 4340 1302 4414 ἀειλογὶα

851 4450 889 4506 13

194 4337 312 4416 sructm
321 4357 508 4418 commonente,
