3102 4936
638 407 709 476 189

116 596 273 669 suaderet,
295 619 315 658 ιι
352 611 382 658 et
396 597 453 658 illia
466 599 572 670 verbis,
595 619 645 660 nec
713 599 761 660 lici
782 599 953 666 Quintiliani
973 604 1003 662 in
1023 601 1118 664 Instit.
1142 615 1215 666 orat.
1228 623 1318 674 sacr.

116 679 325 758 esimgraecons
349 679 643 750 'tteromodiibebonn
691 619 757 739 loon
778 683 929 760 perspicue
952 683 1140 744 demonstrari
1162 705 1216 763 po·
1255 689 1299 744 tv,

117 777 190 816 nunc
204 769 297 818 nutem
310 761 394 818 etiam
407 757 487 818 dison
523 759 591 818 Non
605 761 645 820 ita
693 773 758 819 test.
799 761 875 820 libro
901 763 1020 842 quidem
1045 781 1066 822 r.
1095 781 1158 840 cap.
1186 771 1214 824 6.
1227 789 1328 808 --

117 847 171 896 est.
194 858 280 914 qnam
295 840 371 898 enim
382 859 510 919 graeonm
523 839 645 898 litteram
691 845 710 874 ‘⁴
725 841 820 920 Atque
832 841 904 914 lsoec,
915 843 1016 920 inquit,
1030 843 1036 855 '
1097 843 1217 904 siittern

117 917 189 976 olim
215 939 233 978 a
259 919 371 978 Latinis
396 939 452 978 non
481 919 642 990 adhibitam,
691 919 728 980 ab
745 921 789 978 Itis
806 921 959 982 nominibus
977 922 1031 999 (sc’
1045 923 1108 993 cet,
1121 923 1214 994 orbos,

119 995 223 1057 Cicero
243 998 324 1069 dicit,
345 1019 381 1058 ea
405 998 525 1076 intelligi
548 999 643 1069 debet,
691 999 777 1069 labos,
791 1015 954 1080 ooponeto.
985 1003 1090 1080 quibus
1103 1014 1215 1063 veteres

118 1095 186 1152 quoe
195 1078 224 1136 in
233 1079 348 1137 nomine
356 1078 466 1154 Πυρῤὸς
474 1079 641 1149 secundum,
690 1078 772 1138 latini
791 1079 958 1159 utebantur)
979 1079 1092 1140 secluso
1111 1081 1215 1160 (siqni-

117 1155 147 1214 in
161 1155 273 1234 Φρύγες
287 1159 404 1216 tertium
414 1157 525 1217 obtinet
537 1158 643 1229 locum,
690 1158 757 1217 dem
771 1162 944 1220 recentiores
956 1159 1048 1231 orbor,
1062 1161 1150 1231 lobon,
1164 1182 1215 1220 on·

118 1254 221 1314 nempe
241 1237 350 1296 vocalis
369 1259 406 1308 υς
429 1257 482 1315 pro
502 1257 560 1315 qua
579 1239 644 1296 lati·
686 1257 750 1316 por,
766 1254 821 1298 etc.
840 1239 936 1300 dicere
956 1241 1164 1318 instituerunt),
1184 1242 1214 1300 in

118 1333 184 1373 narn
206 1315 331 1376 litteram
347 1337 366 1374 u
384 1319 414 1376 in
430 1317 534 1376 iisdem
551 1317 644 1377 nomi·
690 1318 851 1398 prsibnsdnm
874 1321 936 1400 ipso
961 1320 1046 1378 alteri
1074 1321 1215 1380 successit.

117 1395 211 1465 nibus,
233 1397 262 1454 in
284 1396 405 1455 latinum
424 1417 440 1456 e
456 1417 554 1475 groeco
575 1417 644 1457 con·
689 1417 755 1456 nom
774 1412 907 1468 mertare,
920 1409 1004 1478 aspre
1015 1399 1128 1477 pultare
1139 1400 1213 1460 dics·

117 1475 216 1546 versis,
239 1476 396 1537 adhibitam
412 1477 510 1548 inisse,
535 1477 643 1556 duplici
690 1477 1214 1557 bont,quornodofordeum,foedusque

118 1553 166 1612 illo
191 1574 230 1613 ex
256 1555 342 1614 Ennii
369 1557 530 1616 Annalibus
556 1558 642 1616 allato
689 1573 743 1634 pro
758 1559 939 1636 aspiratione,
953 1577 1007 1616 non
1020 1558 1105 1616 simili
1118 1557 1214 1617 littera

117 1635 259 1712 exemplo,
287 1637 403 1714 egregie
437 1637 513 1696 idem
539 1636 642 1696 Cicero
690 1649 811 1696 utentes·
846 1657 912 1696 naun
940 1652 1040 1696 contra
1062 1639 1150 1716 graeci
1172 1639 1214 1696 ita

118 1714 309 1774 confirmarat.
324 1716 404 1793 qnod
413 1717 523 1794 optima
532 1717 642 1775 ratione
688 1716 816 1794 aspirare
828 1717 892 1776 haec
905 1717 1007 1786 solent,
1021 1729 1055 1776 nt
1068 1737 1121 1796 pro
1135 1716 1213 1776 Fun·

117 1795 152 1852 ab
167 1793 263 1852 Ennio
278 1796 449 1874 caeterisque
466 1796 566 1874 priscis
584 1796 642 1857 illis
689 1794 776 1855 danie
790 1795 894 1855 Cicero
906 1809 1016 1867 testem,
1028 1797 1078 1874 qni
1089 1796 1212 1876 primaru

117 1871 211 1932 latinis
238 1876 347 1934 iactum
374 1895 465 1950 quum
487 1875 640 1954 judicaret,
688 1874 752 1954 ejus
772 1875 895 1935 litteram
916 1877 1013 1935 dicere
1027 1895 1085 1935 non
1104 1889 1211 1953 posset,

118 1973 177 2012 suae
197 1955 293 2012 aetatis
309 1956 457 2014 hominnm
477 1975 640 2033 perversam
687 1955 815 2015 irridet.'’
842 1976 966 2034 qnorum
979 1957 1132 2014 verborum
1147 1956 1212 2016 haec

117 2034 353 2094 consuetudinem
362 2048 448 2112 atque
458 2035 531 2094 adeo
539 2037 642 2094 intem-
687 2037 828 2094 sententia
840 2049 892 2106 est,
902 2050 1014 2095 veteres
1022 2035 1126 2104 Latini,
1137 2055 1210 2112 quo-

116 2114 273 2190 petentium
285 2116 377 2192 carpit
389 2128 475 2192 atque
488 2116 641 2193 reprehen·
687 2134 751 2173 rum
766 2116 883 2175 auribus
893 2115 1028 2194 aspiratio
1042 2115 1135 2174 omnis
1149 2127 1211 2175 erat

116 2191 166 2261 dit,
180 2193 231 2272 qui
245 2214 303 2253 non
318 2196 445 2253 contenti
461 2215 548 2253 unam
562 2195 641 2254 illam
686 2194 841 2265 insuavius,
856 2194 1014 2274 litteratus
1027 2215 1081 2274 pro
1094 2196 1112 2254 is
1125 2215 1156 2254 re

115 2271 205 2350 ipsam
227 2293 354 2350 graecam
374 2274 499 2333 litteram
518 2273 641 2334 elatine
687 2287 787 2333 nentes
809 2295 846 2333 ex
865 2275 993 2335 lsordeum
1009 2215 1210 2353 feceruntffi

115 2349 267 2429 loquentes
283 2355 476 2412 scribentesve
494 2355 640 2424 adhibere,
686 2353 773 2424 deum,
789 2356 922 2432 etsoedus
933 2377 972 2415 ex
985 2355 1089 2414 loedus.
1110 2367 1210 2414 contra

114 2431 236 2490 alteram
250 2452 373 2511 quoqne,
387 2434 455 2492 item
470 2453 592 2511 graecam
607 2455 641 2494 ac
685 2435 790 2509 graecis
800 2435 901 2494 eadem
911 2434 1209 2513 litterassicabsnrds

115 2513 308 2588 peregrinam,
316 2534 373 2573 non
381 2513 497 2591 quidem
507 2515 537 2572 in
545 2515 640 2593 Pliry-
685 2525 774 2588 atque
811 2515 928 2583 absona,
960 2514 1209 2590 pronunciatuque

113 2611 175 2670 ger,
190 2591 242 2650 aed
259 2593 287 2650 in
307 2593 369 2651 aliis
388 2607 465 2652 certe
477 2593 641 2652 nominibus
685 2591 811 2651 difficilis
836 2605 890 2662 est,
912 2605 943 2650 ut
969 2593 1058 2650 latina
1082 2592 1207 2662 nomina,

115 2672 299 2750 usurpandis,
318 2673 496 2732 adhiberent.
538 2693 640 2750 quam·
687 2690 810 2747 quorum
824 2670 975 2750 illaprima
994 2671 1041 2740 sit,
1062 2670 1208 2746 adspirare

116 2753 204 2810 narn?
226 2753 359 2830 profecto
372 2773 429 2811 non
442 2753 537 2822 aliam,
552 2773 640 2830 quarn
687 2751 806 2820 soleant,
827 2765 857 2810 et
876 2772 911 2809 eo
928 2749 1048 2808 ridiculo
1062 2749 1149 2808 modo
1163 2749 1206 2809 es-

115 2849 172 2906 qna
193 2852 260 2902 nna,
280 2845 386 2911 praeter
400 2857 425 2903 u,
438 2833 543 2891 latinos
557 2853 640 2890 caru·
686 2829 835 2908 serre,qno
845 2831 932 2888 modo
942 2843 1069 2889 utentem
1079 2849 1208 2908 graecum

116 2910 179 2979 isse,
194 2925 344 2970 ostensum
357 2925 410 2982 est,
421 2932 526 2990 nempe
540 2915 558 2980 ζ
560 2948 608 2968 .-
685 2911 839 2986 quemdam
861 2923 962 2970 testem
980 2909 1111 2969 videmus
1126 2931 1143 2968 s
1157 2909 1207 2967 Ci-

154 2996 172 3023 “
183 2991 242 3050 Sed
251 2991 330 3050 alind
340 2992 641 3070 qnoqueestminime
685 3009 788 3048 cerone
802 2991 831 3049 iu
847 2991 975 3050 oratione
991 3011 1044 3068 pro
1056 2990 1207 3050 Fundanio

116 3071 231 3146 quidem
251 3091 269 3130 a
286 3092 333 3131 me
350 3071 593 3150 praetereundum,
611 3073 640 3130 in
688 3071 767 3146 (quae
782 3091 839 3129 nna
851 3092 889 3130 ex
898 3072 933 3130 iis
950 3071 1048 3130 multis
1066 3083 1119 3140 est,
1140 3091 1207 3147 quae

116 3169 172 3226 quo
185 3171 203 3210 a
216 3152 280 3211 viro
301 3151 352 3210 illo
372 3151 538 3212 doctissimo
555 3151 640 3210 valde
686 3149 858 3214 Quintiliani
878 3164 964 3211 aetate
990 3152 1150 3220 exstabant,
1176 3163 1207 3209 at

115 3229 262 3291 dissentio.
282 3233 323 3290 ait
343 3233 428 3303 enirn,
449 3232 473 3291 si
492 3251 550 3290 non
562 3231 639 3290 Bru·
685 3230 1145 3308 postesinterciderunt)irrideri;
1157 3231 1206 3307 qni

113 3329 171 3387 ger,
186 3325 218 3370 ut
230 3313 294 3390 ipse
305 3311 377 3382 vult,
387 3331 421 3372 ac
431 3325 508 3371 recte
523 3312 639 3389 quidem
685 3309 768 3368 testis
800 3312 922 3388 primam
952 3311 1042 3388 ipsius
1067 3309 1208 3368 Fundanii

114 3389 183 3462 vult,
205 3391 260 3452 sed
273 3391 390 3472 Fmger,
413 3405 446 3453 ut
466 3391 640 3470 quibusdam
684 3388 809 3448 litteram
834 3389 930 3450 dicere
956 3404 1033 3448 recte
1058 3409 1092 3448 ao
1117 3389 1205 3446 latino

114 3467 214 3546 placer,
235 3473 267 3532 in
287 3471 344 3532 hoc
368 3473 469 3532 eudem
491 3471 640 3532 Ciceronis
684 3489 757 3528 sono
770 3490 828 3528 non
841 3482 947 3547 posset.
973 3468 1104 3547 potuitne
1117 3467 1206 3544 igitur

114 3547 176 3610 loco
202 3553 388 3622 scriberetur,
409 3564 479 3612 ,tum
507 3552 579 3620 fore,
606 3564 640 3611 nt
684 3547 782 3608 lsnnae
800 3550 905 3608 litterae
916 3549 945 3627 s
958 3549 1059 3607 eadem
1079 3567 1143 3606 esse
1161 3547 1206 3608 vis

115 3634 200 3706 graeci
220 3633 347 3693 nominis
361 3631 471 3712 Φρύγες
484 3633 577 3711 prims
590 3631 639 3692 lit·
685 3647 719 3688 ec
744 3639 880 3708 potestas,
906 3648 973 3706 quae
998 3647 1103 3706 graecae
1128 3628 1206 3706 psi

115 3721 181 3776 tera.
203 3714 234 3772 in
252 3713 332 3771 illem
345 3714 374 3792 s
387 3714 473 3772 latine
491 3731 638 3782 conversa,
684 3709 772 3767 homo
800 3729 913 3786 graecns
941 3709 1080 3768 rationem
1103 3709 1205 3786 primae

114 3787 235 3852 sormam
249 3793 367 3870 quidem
385 3813 511 3871 graecanr
524 3793 639 3851 amitte·
684 3787 1131 3867 Fundaniilitteraeexpediendoe
1138 3809 1205 3866 pro-

114 3883 167 3942 ret,
193 3893 300 3934 sonum
319 3892 390 3932 vero
408 3872 494 3950 plane
511 3891 639 3949 graecum
685 3868 912 3947 nunciandoeque
922 3870 1047 3948 reperire
1057 3889 1115 3928 non
1123 3882 1205 3947 pote-

114 3951 269 4024 retineret,
297 3971 391 4031 neque
411 3965 563 4030 propterea
579 3973 641 4010 sere
685 3949 753 4007 rat?
780 3949 827 4008 hic
854 3949 924 4008 mihi
952 3969 1021 4008 sane
1046 3949 1126 4008 testis
1148 3967 1206 4006 non

114 4030 259 4092 mmmm
276 4029 471 4110 (immutatam
488 4044 583 4090 autem
603 4033 640 4090 ab
685 4029 780 4088 minus
805 4042 905 4088 contra
923 4027 1093 4098 Victorium,
1119 4047 1206 4104 qnam

114 4107 209 4171 Ennio
216 4111 465 4189 affirmatCicero)
471 4111 527 4172 dici
535 4124 642 4189 posset.
686 4119 787 4166 contra
806 4108 988 4168 Fundanium
1004 4108 1111 4166 dixisse
1125 4106 1205 4165 testi·

112 4209 216 4268 nempe
234 4192 367 4252 eamdem
381 4192 440 4251 vim
453 4203 639 4270 potestatem·
687 4187 815 4246 monium
833 4189 864 4248 in
880 4188 1126 4267 judiciovidetur.
1154 4183 1206 4242 sed

112 4289 168 4347 qne
181 4271 274 4331 fuisse
287 4271 356 4332 olim
406 4291 476 4331 oscae
490 4271 595 4330 litterae
609 4283 638 4349 p,
687 4265 918 4332 etQuintilisnus
925 4269 987 4346 ipse
995 4267 1068 4325 libro
1076 4263 1206 4343 ejusdem

113 4369 198 4426 quam
219 4351 319 4411 latinas
332 4351 361 4430 s
370 4291 523 4410 llictoriun
545 4361 637 4428 putat.
687 4347 783 4425 operis
810 4367 863 4406 ιιι.
884 4367 946 4426 cap.
975 4349 1023 4404 10.
1044 4342 1206 4402 testimonio

113 4431 192 4516 atqui
207 4430 296 4510 longe
315 4431 402 4492 sliam
422 4430 520 4502 luisse,
534 4450 571 4490 ex
584 4428 638 4490 du·
688 4447 803 4504 quoque
817 4448 869 4488 suo
882 4439 966 4504 urget
983 4423 1136 4496 hominem,
1158 4443 1206 4484 co·
