2964 4950
421 421 650 484 eununrsn
671 421 786 484 nos‘r.
826 421 913 484 Boot
925 423 957 484 1.
1256 425 1260 434 ·
1283 397 1362 472 625

439 599 734 694 w-ssFurewell,
755 603 896 703 Hsppy
915 601 1038 678 Fields
1124 613 1127 622 ⁴
1169 609 1245 682 250
1263 611 1358 670 ΑΜ

138 725 279 802 Where
299 727 322 802 J
325 751 373 825 oy
391 725 451 802 for
468 751 559 803 ever
574 729 729 804 duells:
756 729 846 803 Heil
864 729 1041 815 Horrore,
1063 725 1155 804 Hail

137 850 302 927 Infernal
320 851 466 942 world,
485 854 560 928 ond
578 853 691 931 Thou
707 853 959 953 profoundest
977 853 1068 927 Hell

135 977 301 1052 Receive
318 977 388 1076 thy
404 1003 489 1054 new
507 979 718 1068 Possessor,
739 980 822 1053 One
840 978 927 1054 who
943 977 1074 1076 brings

133 1103 168 1176 A
187 1101 298 1176 Mind
315 1112 385 1178 not
401 1111 442 1178 to
459 1105 508 1178 be
525 1103 688 1202 ohang'd
705 1104 758 1200 by
775 1102 887 1176 Plece
905 1123 948 1175 or
967 1099 1100 1174 Time:

135 1226 218 1300 The
237 1225 348 1301 Mind
365 1227 398 1302 is
417 1228 467 1303 its
483 1253 572 1304 own
590 1229 715 1315 Plaoe,
729 1226 804 1301 und
821 1227 861 1302 in
878 1223 987 1301 itsell'
1165 1234 1239 1303 2⁵5

133 1349 213 1424 Can
231 1351 383 1426 makes
398 1352 543 1428 Heav’n
561 1351 607 1428 os
620 1353 719 1449 Hell,
743 1375 766 1424 a
784 1342 872 1424 Heli
889 1349 935 1424 of
946 1349 1109 1425 Heav’n.

1255 713 1357 738 ἡ

134 1475 249 1550 What
265 1486 404 1551 matter
420 1479 559 1566 where,
576 1479 610 1551 if
623 1479 639 1551 I
660 1480 707 1551 be
722 1476 801 1551 still
817 1476 882 1550 the
900 1499 1015 1562 seme,

131 1601 218 1676 And
236 1601 338 1676 what
354 1599 372 1674 1
391 1601 528 1678 should
544 1604 604 1692 be,
621 1603 669 1677 all
686 1605 757 1676 but
773 1601 845 1675 less
863 1600 955 1674 than
974 1600 1037 1674 He

130 1724 178 1796 'W
182 1725 271 1799 hom
290 1726 473 1802 Thun'der
490 1727 581 1803 hath
600 1729 710 1802 made
725 1729 905 1825 greater?
948 1725 1052 1800 Here
1069 1734 1109 1798 ot
1126 1725 1221 1802 least

125 1849 203 1931 We
221 1850 315 1926 shall
331 1853 378 1928 be
398 1853 513 1940 Free;
538 1853 593 1928 th'
611 1849 810 1949 Almighty
827 1849 919 1924 irath
937 1855 1006 1922 not
1023 1847 1123 1924 built
1162 1853 1236 1922 260

131 1974 233 2049 Here
251 1974 310 2051 sor
327 1975 385 2051 his
405 1977 527 2075 Enuy,
550 1977 626 2052 will
643 1987 711 2052 not
725 1977 834 2051 drive
851 1997 896 2049 us
912 1974 1056 2048 hence:

519 2249 834 2302 nummulorum.

122 2367 256 2447 jungere,
275 2389 340 2428 cum
355 2388 418 2430 earn
433 2380 655 2450 περιφραστικῶς
706 2374 790 2433 lum.”
812 2373 888 2433 Haec
900 2385 997 2432 sutem
1009 2372 1106 2430 omnia
1119 2389 1154 2428 ex
1167 2369 1234 2429 loeo

122 2449 184 2527 jam
197 2450 390 2510 nominasset?
406 2449 474 2510 Vide
484 2453 567 2514 Beni.
576 2453 655 2513 Ano.
705 2455 794 2513 citato
808 2473 895 2531 quam
909 2455 960 2512 vix
971 2454 1001 2510 ri
1016 2470 1154 2528 expresse
1167 2451 1232 2520 sint,

127 2529 167 2588 ad
182 2529 279 2588 Corin.
295 2529 321 2589 l.
338 2535 366 2592 7.
382 2537 431 2592 27.
705 2554 791 2593 nemo
811 2554 869 2592 non
883 2533 982 2602 videt3
1007 2531 1044 2590 ibi
1060 2531 1136 2589 enim
1155 2530 1233 2590 nude

166 2631 195 2668 v.
205 2615 274 2670 260.
289 2615 391 2671 Oirdr'
402 2611 549 2692 ἀπείργει]
566 2614 655 2674 Prae-
705 2614 877 2684 declaratur,
906 2613 950 2672 uel
976 2631 1073 2670 rursus
1098 2611 1233 2688 sutorum

126 2711 189 2750 sens
215 2691 262 2750 htc
284 2713 338 2771 pro
353 2693 416 2771 sut.
445 2692 511 2752 ideo
535 2695 655 2754 adhibui
703 2715 763 2754 esse
781 2693 903 2764 Bellum,
926 2693 971 2752 uel
991 2694 1094 2751 Pacem
1112 2712 1132 2749 a
1153 2691 1232 2764 Jove,

125 2771 205 2850 quod
218 2773 370 2832 rotundius
384 2773 534 2845 videntum
553 2796 653 2854 super·
703 2775 782 2834 Belli
805 2777 877 2833 inter
896 2773 1017 2833 lurnines
1034 2773 1150 2842 urlu'tro,
1166 2791 1232 2830 con-

124 2872 282 2913 vaeaneum
305 2867 401 2913 sutem
426 2868 503 2914 esset
529 2856 652 2916 similem
702 2855 826 2914 eiliatum
843 2856 897 2914 iri:
923 2853 1002 2932 quod
1024 2853 1165 2912 insulsum
1185 2873 1232 2912 sa·

124 2932 205 3012 liujus
220 2934 313 3014 Temp.
324 2955 408 2994 usum
420 2935 571 3015 Exemplis
581 2956 651 2996 oon·
703 2937 748 3006 tis,
776 2937 834 2996 imo
851 2935 1003 2995 ridiculum
1018 2935 1152 2993 uidetur:
1175 2933 1230 2994 boc

123 3013 247 3074 firmare.
298 3013 422 3076 Unicum
452 3029 548 3076 tamen
569 3017 650 3076 exhi·
702 3019 788 3088 euim,
819 3019 929 3096 ubsque
956 3014 1145 3076 Phaenomeni
1171 3035 1230 3074 non

123 3095 208 3164 bebo,
227 3096 306 3174 quiid
324 3097 361 3155 de
379 3097 454 3167 loeo,
476 3098 580 3176 inquo
601 3119 650 3157 oo·
702 3099 829 3177 vulgaris
860 3119 924 3176 ope,
953 3097 1119 3174 procliviter
1150 3095 1228 3155 affir-

123 3175 221 3246 currit,
243 3176 351 3254 aliquid
374 3179 404 3237 in
422 3188 589 3238 transcursu
613 3179 647 3237 li·
700 3179 794 3238 mslsse
814 3179 899 3238 etiem
916 3177 1004 3238 Miles
1024 3178 1160 3256 potuerit.
1196 3175 1228 3235 Si

122 3257 190 3316 beat
212 3259 376 3329 observare,
414 3258 450 3317 ll.
473 3265 508 3318 Δ.
537 3256 647 3319 82.'11
698 3260 786 3338 igitur
806 3259 980 3338 conjectures.
1002 3273 1110 3317 nostrae
1132 3256 1226 3315 sitlo-

120 3337 145 3412 ῥ’
170 3333 250 3404 αὖτις
277 3341 402 3416 πόλεμός
428 3364 458 3398 τε
490 3341 573 3409 κακὸς
603 3347 648 3400 καὶ
698 3361 758 3412 eus,
780 3341 903 3400 eundern
917 3359 1043 3397 errorem
1059 3357 1171 3396 errasse
1183 3337 1227 3394 vi-

121 3417 241 3496 φύλοπις
251 3419 648 3500 αἱνὴ”Εσσεται,ἢφιλότητα
698 3421 803 3480 dentur
834 3419 1005 3478 Teratsontts
1030 3428 1058 3476 el
1086 3415 1227 3488 curleios,

120 3501 180 3576 μετ’
192 3502 374 3578 ἀμφοτέροισι
391 3501 485 3571 τίθησι
499 3499 576 3572 Zetis,
590 3503 648 3562 ὅστ’
698 3502 777 3580 qudd
799 3520 858 3559 non
881 3498 1022 3558 senserint
1043 3499 1139 3557 locum
1163 3517 1227 3557 esse

120 3581 280 3655 ἀνθρώπων
306 3581 411 3658 ταμίης
439 3581 574 3659 πολέμοιο
605 3586 648 3642 τέ·
697 3581 781 3640 aliter
800 3579 1036 3658 punctuendum3
1063 3579 1167 3638 etenim
1189 3598 1227 3638 ne

120 3681 226 3718 τυκται.
241 3659 336 3729 τίθησι
347 3681 401 3739 pro
415 3661 647 3738 diost—Repre-
697 3661 781 3720 literis
793 3661 911 3740 quidem
925 3659 1044 3730 mutatd,
1066 3659 1118 3718 sed
1131 3659 1226 3737 posito

120 3738 221 3798 itendit
234 3739 358 3798 Dociles.
377 3740 648 3820 ClarliusScripto·
697 3742 735 3800 ud
762 3742 849 3800 finem
886 3742 1036 3800 sententiae
1064 3741 1225 3818 interroga·

120 3839 180 3879 rem
197 3820 342 3879 Gallicum
362 3820 552 3893 Terassonum,
568 3824 647 3900 quod
697 3822 783 3881 tionis
800 3835 920 3900 puncto,
934 3821 1101 3900 perspicuus
1113 3836 1143 3880 et
1157 3821 1226 3878 sirn-

120 3899 187 3959 huic
208 3903 352 3980 praesagio
372 3901 483 3978 aliquid
500 3903 594 3962 inesse
607 3905 646 3962 ri·
697 3901 766 3980 plen
785 3903 889 3962 evadet
908 3922 1018 3972 sensus,
1040 3917 1070 3961 et
1084 3901 1224 3971 Militum,

120 3980 208 4040 diculi
234 3981 403 4042 affirmaret.
446 3987 465 4016 “
480 3983 548 4042 Hoc
570 3985 647 4044 enim
697 4003 771 4062 quos
784 3983 846 4062 jam
867 3981 979 4064 θάμβος
993 3983 1062 4062 ἔχεν
1076 3983 1225 4060 εἰσορόων·

123 4061 220 4139 (juxto
237 4063 401 4142 Clarkium)
421 4064 502 4123 siunt
514 4063 645 4136 Milites;
696 4087 757 4136 τας,
775 4065 997 4124 circumstantiis
1021 4063 1223 4122 accommoda-

119 4141 191 4202 Rem
225 4164 279 4202 non
313 4145 433 4224 amplius
474 4144 501 4204 in
543 4145 647 4205 incerto
697 4159 754 4206 tus.
790 4145 871 4212 Quid
895 4147 972 4206 enirn
992 4146 1085 4222 magis
1104 4142 1224 4202 obvium

110 4223 199 4300 son,-
240 4225 323 4303 suippe
343 4227 453 4305 Quum
471 4225 579 4285 dedisse
594 4225 645 4285 Jo·
695 4247 759 4285 esse
778 4227 880 4305 possit,
901 4245 988 4304 quam
1003 4236 1035 4284 ut
1049 4223 1137 4283 Miles
1158 4225 1222 4301 qui-

119 4323 186 4375 vem,
200 4246 308 4385 aliquid
312 4308 377 4384 jam
384 4307 462 4386 apud
473 4328 504 4366 se
513 4315 646 4366 statutum
694 4306 775 4379 libet,
781 4307 817 4366 de
824 4306 1020 4367 Plraenomeno
1028 4305 1222 4383 insperatoin·

118 4393 201 4464 atqsoe
220 4385 378 4458 decretum
402 4388 497 4447 statim
521 4387 647 4447 intellec·
696 4402 792 4448 certus
802 4408 836 4448 eo
844 4385 1044 4456 mirabundus,
1056 4387 1222 4464 proximum

120 4475 204 4539 turos,
226 4466 326 4528 Paene
337 4469 443 4546 sulm
464 4469 501 4529 sit
518 4490 556 4530 an
575 4469 644 4530 Bel·
696 4470 827 4548 quemvis
845 4479 1071 4548 percontaretur,
1085 4467 1223 4544 quidnam

763 4581 828 4650 tn
