3102 4936
776 335 850 404 238

152 719 453 828 *proprium
466 730 599 826 fuisse
626 737 781 813 statuas,
811 727 967 820 ejusdem
1001 737 1118 800 tamen
1140 738 1366 826 potestatem

262 827 367 924 apud
393 829 510 902 Ionas
538 828 663 900 itidem
691 825 887 900 invaluisse
918 826 1013 898 idem
1043 827 1263 900 contendas:
1285 829 1365 925 sae

262 926 419 1014 tandem,
443 951 617 1026 capenas,
641 927 937 1024 quanamfigura
952 926 1028 998 sine
1041 935 1128 998 reolo
1140 937 1366 1022 potestatem

262 1025 371 1098 istum
387 1025 491 1124 apud
507 1026 624 1098 Ionas
640 1025 834 1122 desigatmi
853 1023 998 1097 solitum
1014 1025 1208 1098 existimes.
1246 1025 1365 1121 Equi·

264 1123 352 1196 dem
376 1124 596 1198 confirmare
613 1147 689 1198 non
707 1123 830 1197 ausim
855 1122 981 1220 gentis
1007 1123 1109 1196 illius
1135 1124 1364 1198 vetustiores

182 1227 253 1298 137
267 1223 343 1296 ulla
366 1223 606 1320 aspirationis
623 1222 684 1298 vel
701 1223 771 1295 He
787 1222 847 1296 vel
883 1223 965 1294 Vae
981 1223 1003 1266 ¹*
1021 1232 1113 1296 nota
1131 1245 1218 1295 usos
1235 1222 1364 1298 fuisse.

265 1321 299 1393 Ii
333 1330 531 1418 utramque
567 1322 726 1395 fortasse
761 1343 809 1394 ex
838 1320 994 1416 vulgata
1026 1321 1205 1419 loquendi
1235 1345 1367 1396 norma

263 1419 475 1516 inscriptis
498 1421 746 1518 supplendam
767 1419 1041 1516 relinquebant.
1095 1420 1252 1492 Interim
1272 1443 1364 1494 vero
1411 1449 1423 1470 ν

264 1518 388 1591 nullus
405 1519 551 1606 dubito,
567 1520 672 1615 quin,
690 1539 918 1616 quocunque
936 1519 1089 1591 demum
1105 1519 1242 1591 saeculo
1260 1519 1366 1591 adin-

265 1625 387 1692 ventae
404 1616 546 1692 fuerint
562 1627 663 1693 notoe
679 1619 763 1692 istoe
782 1615 853 1712 [‘]
896 1625 914 1691 t
939 1615 1061 1712 [']²⁶,
1086 1618 1187 1691 ideo
1206 1619 1365 1691 consilio

307 1821 356 1878 76.
379 1823 398 1852 ‘⁴
416 1818 456 1878 R.
481 1819 522 1878 D.
548 1820 586 1878 de
609 1832 732 1896 utraque
757 1839 790 1878 re
840 1825 888 1876 τοῦ
910 1813 979 1890 βαΰ.
1027 1817 1107 1884 Quin
1127 1817 1202 1876 enim
1225 1815 1260 1892 (f.
1285 1815 1367 1881 Quia

265 1897 360 1956 miuus
373 1913 514 1969 accurate,
532 1912 564 1958 ut
578 1899 700 1970 videtur,
710 1899 790 1978 judi·
839 1896 943 1970 immo)
974 1897 1112 1975 simplicis
1144 1898 1262 1974 spiritus
1292 1894 1366 1955 lenis

267 1975 370 2047 cavit‚”
391 1988 421 2035 et
434 1977 600 2056 pulverede
614 1978 715 2036 lonico
728 1978 791 2036 Vau
840 1977 902 2035 vice
929 1976 1070 2054 fungitur,
1098 1977 1181 2035 utin
1207 1975 1259 2034 illo
1281 1975 1367 2034 Hex-

267 2067 384 2114 strenue
403 2070 485 2116 moto
505 2057 656 2136 caliginem
676 2057 792 2116 induxit
840 2068 958 2114 ametrO.
1012 2055 1107 2134 ἄμμες
1143 2053 1166 2112 δ’
1196 2053 1368 2131 Ρειρήναντο

267 2131 414 2212 [Heyn.].'
450 2141 469 2170 “
492 2136 671 2196 Daweslanae
696 2149 791 2196 lamen
841 2137 910 2194 deul.
931 2136 973 2193 rol
993 2131 1016 2191 δ’
1034 2139 1150 2213 ὤμοσαν
1169 2132 1262 2192 Fater.
1305 2133 1366 2191 Ne-

268 2215 482 2307 opsepvationes
495 2216 532 2276 de
550 2237 602 2276 acu
615 2225 792 2355 etIpoteetatc
842 2235 898 2292 que
907 2233 1067 2274 consonans
1078 2227 1132 2285 est,
1145 2233 1238 2291 neque
1247 2211 1365 2284 vocalis,

269 2312 793 2454 :ttlll..t‘¹tt.g.t..ltlt
842 2293 1368 2452 tlltssttlttlll.ttt“ttz

268 2449 731 2534 Kaiglt(Anal.Essaypp.34-
770 2455 792 2534 ).
843 2453 864 2512 li

267 2530 306 2589 R.
331 2531 368 2590 B.
392 2533 422 2592 in
450 2534 613 2605 scribendo,
640 2534 679 2594 R.
697 2535 735 2594 B.
761 2549 791 2594 et
840 2475 939 2592 lfasce
953 2532 1066 2591 chartas
1087 2533 1167 2611 prius
1182 2531 1368 2590 excudendas

267 2609 307 2669 R.
318 2610 360 2670 D.
380 2612 410 2672 in
429 2615 608 2674 enuncianda
628 2615 706 2674 hunc
723 2615 792 2674 cha·
841 2613 961 2672 dederat
975 2611 1029 2668 Vir
1042 2612 1089 2671 ille
1103 2612 1368 2690 praestantissimus,

267 2703 407 2752 ractcrem
430 2713 553 2772 sequor:
574 2697 660 2756 ambo
682 2695 792 2754 semina
841 2713 928 2769 quam
948 2692 1054 2750 librum
1076 2711 1161 2751 suurn
1183 2703 1213 2750 et
1231 2691 1368 2750 emenda·

267 2769 430 2848 irrigarunt,
444 2776 636 2852 smissactura
650 2775 792 2852 nepotibus
842 2774 943 2841 tiones,
973 2772 1177 2830 humanissime
1201 2770 1368 2849 suppedita-

268 2849 401 2909 umbram.
443 2853 637 2912 Nihilominus
650 2853 791 2934 Scaliger,
842 2864 896 2922 tas,
907 2851 1041 2910 Pulscdio
1049 2851 1302 2930 grammaticorum
1311 2849 1369 2909 La-

269 2929 320 3003 qui
350 2929 519 2990 Graecarum
549 2933 697 2991 literarum
725 2953 791 2990 nas·
843 2931 968 2990 tinorum
980 2931 1083 2989 editori
1097 2930 1189 2988 misit:
1203 2930 1270 2988 vide
1281 2949 1369 3008 supra

270 3019 368 3066 centes
382 3009 487 3068 formas
506 3009 668 3070 felicissime
684 3012 792 3072 enoda·
842 3010 879 3069 ad
900 3031 950 3088 pp.
966 3015 1034 3082 205,
1057 3015 1127 3068 206.
1150 3009 1176 3066 Ε
1195 3009 1369 3068 membranis

271 3085 321 3154 vit,
349 3086 428 3146 haud
449 3089 545 3160 aliem,
570 3103 657 3166 atque
683 3092 721 3149 R.
740 3091 792 3161 D.‚
843 3110 913 3148 vero
948 3089 1037 3148 Harl.
1071 3089 1200 3147 nondum
1244 3088 1368 3166 vulgatis

270 3167 439 3226 sententiam
473 3183 633 3228 sustentare
678 3172 790 3248 pergin
843 3169 1003 3228 anecdoton
1022 3168 1098 3238 dedi,
1119 3165 1199 3245 quod
1212 3179 1368 3244 utrumque

272 3248 291 3277 ‘⁴
304 3263 362 3303 non
389 3259 434 3306 est
467 3247 517 3328 [F]
543 3259 685 3327 στοιχεῖον
715 3250 794 3327 apud
842 3248 947 3327 pugnis
970 3248 1133 3306 dialectices
1154 3259 1241 3325 atque
1262 3246 1368 3306 aculeis

270 3323 356 3384 lonas
377 3340 407 3386 et
428 3327 559 3401 Graecos,
580 3329 632 3389 sed
653 3330 793 3407 ἐπίσημον
843 3326 1367 3407 usqueadeodefendit‚utnilfortius.

886 2473 916 2512 er
941 2453 978 2512 ud
1003 2450 1111 2512 Euseb.
1137 2471 1166 2530 p.
1182 2456 1367 2512 105---11νΙ

270 3459 334 3516 Τῶν
347 3461 384 3537 dp
408 3466 479 3522 αἱων
493 3463 520 3521 οἶ
542 3461 598 3564 priv
617 3458 832 3542 βουστροφηδὸν
850 3459 985 3540 ἔγραφον.
1027 3459 1053 3518 oi
1068 3457 1097 3517 δὲ
1118 3456 1258 3530 κ’ἱονηδόν·
1299 3455 1327 3514 ci
1340 3453 1370 3514 dd

271 3540 376 3610 πλινθη
394 3544 439 3599 όν·
480 3541 549 3602 οἶδε
564 3542 724 3620 σπειρηδόν.

1002 3651 1030 3704 3.
1051 3641 1216 3714 πλινθηδόν.
1237 3719 1241 3726 ¹

312 3829 755 3909 ῐθξνμλκι

311 3929 328 3984 ρ
375 3930 393 3965 a
439 3932 456 3967 r
496 3933 512 3966 υ
553 3923 572 3989 φ
613 3935 636 3988 χ
676 3911 699 3986 ψ
734 3934 754 3967 ω

438 4014 466 4068 2.
489 4009 628 4082 κ’ἰονηδόν.
