3102 4936
775 348 849 416 234

163 550 253 600 ⁸202
266 537 318 612 At
335 540 436 614 enim
463 541 495 616 si
514 541 637 616 Graeci
667 541 850 616 sermonis
880 539 1046 614 indolem
1069 537 1365 635 perspectionem

154 615 472 732 [habuisset
497 639 675 716 sensisset
701 665 835 716 vocem
852 645 995 714 ΑΡΥΤΟ
1025 637 1186 712 articulo
1205 638 1365 712 destitu-

266 745 346 810 tam
374 738 449 812 loci
469 740 695 814 sententiam
722 741 864 814 nullam
894 738 1052 812 efficere.
1102 737 1138 808 N
1190 759 1238 809 ue
1265 737 1365 809 enim

267 869 376 921 ιυτος,
404 838 477 911 nisi
494 861 581 910 cum
599 838 759 913 articulo
777 837 1036 934 conjunctum,
1057 835 1153 907 idem
1207 856 1366 929 usquam

266 934 433 1009 denotat.
504 935 651 1010 Deinde
684 937 778 1010 mibi
821 937 1064 1010 vehementer
1097 943 1274 1029 suspecta
1306 940 1366 1005 est

266 1033 465 1131 scripturae
495 1034 606 1108 istius
629 1041 773 1108 ΑΙ-ΎΤΟ
810 1035 916 1121 fides,
957 1034 1100 1130 quippe
1139 1055 1228 1105 cum
1255 1063 1365 1116 αυτος,

266 1131 324 1206 uti
350 1132 464 1207 hodie
492 1133 704 1219 scribimus,
743 1134 783 1208 in
811 1133 984 1208 omnibus
1006 1131 1162 1204 Graeciae
1196 1128 1366 1203 dialectis

266 1239 454 1326 perpetuo
471 1232 523 1304 sit
541 1232 748 1328 disyllaba;
775 1255 851 1306 non
868 1253 1037 1329 possum,
1064 1230 1157 1326 quin
1174 1228 1265 1304 mihi
1281 1249 1366 1324 per·

266 1330 457 1416 suadeam,
468 1329 649 1426 primitus
663 1341 859 1405 exaratum
876 1331 993 1404 fnisse
1006 1336 1116 1404 ill-TO
1127 1325 1166 1413 θ’,
1180 1361 1218 1399 το
1234 1334 1265 1398 Υ
1276 1347 1366 1400 vero

266 1429 515 1502 crecentiore
533 1452 647 1502 manu
673 1431 923 1526 adscriptum,
947 1453 1023 1524 quo
1045 1426 1278 1501 indicaretur
1300 1447 1368 1520 po-

265 1532 385 1600 testas
408 1526 598 1602 elemento
620 1542 642 1602 F
664 1527 745 1623 jam
772 1529 893 1602 ramus
916 1525 1132 1602 occurrenti
1154 1525 1365 1598 tribuenda.

268 1623 386 1699 Porro
419 1634 549 1700 autem
580 1626 765 1721 reliquam
803 1627 1061 1724 inscriptionis
1098 1633 1257 1721 partem,
1290 1629 1368 1696 AN·

267 1719 426 1794 orlaa?
447 1731 525 1796 ΚΑΙ
562 1731 621 1796 ΤΟ
660 1732 854 1812 ΣΦΕΛΑΣ,
877 1747 1076 1823 perperam
1106 1721 1367 1820 repraesentari

268 1819 460 1896 confirmo.
513 1822 684 1896 Postulat
701 1825 834 1920 utique
851 1824 1034 1898 sermonis
1053 1821 1168 1897 soluti
1190 1820 1300 1908 ratio,
1324 1830 1368 1893 ut

268 1918 451 1994 articulus
468 1921 555 1994 voci
584 1931 664 1994 tam
687 1925 822 2020 ανδρως
845 1947 960 2019 quam
977 1927 1099 2016 σφελας
1116 1920 1366 2017 praeficiatur;

186 2021 256 2090 133
269 2025 312 2090 ut
329 2018 425 2092 adeo
442 2021 578 2093 evadat
595 2017 613 2091 ὃ
631 2018 801 2116 hudperto&
829 2024 851 2067 ⁵
868 2054 921 2094 και
938 2055 976 2093 το
994 2025 1140 2115 opedam
1168 2019 1368 2095 autetiam

140 2117 148 2138 ’
268 2115 392 2190 adhuc
420 2118 540 2192 multo
568 2119 781 2204 rotundius,
818 2118 837 2192 ὁ
866 2153 900 2192 τε
928 2123 1060 2216 ανδρως
1088 2152 1140 2191 και
1168 2152 1207 2192 το
1233 2121 1366 2211 opellae.

269 2212 474 2313 inscriptio
491 2225 630 2303 autem,
660 2228 775 2314 prout
798 2218 911 2293 hodie
929 2219 1143 2304 exhibetur,
1170 2218 1211 2291 in
1227 2216 1368 2290 nullam

268 2314 380 2386 metri
407 2315 574 2412 speciem
601 2316 715 2390 cadit.
770 2317 905 2414 ltaque
928 2317 1082 2392 tandem
1108 2315 1368 2414 reponendum

269 2433 423 2488 censeo:

317 2543 378 2609 TO
411 2545 666 2711 Afggsshlsso
703 2549 790 2616 EMl
817 2549 848 2614 0
873 2549 931 2616 ΤΕ
967 2547 1172 2614 ΑΝΔΡΙΑΣ
1207 2544 1286 2612 ΚΑΙ
1309 2543 1369 2608 ΤΟ

561 2650 588 2712 Λ
659 2665 668 2714 :

268 2769 306 2843 h.
337 2794 370 2844 e.
400 2775 431 2846 si
462 2783 692 2870 potestatem
722 2785 883 2873 spectes,
916 2783 975 2858 ΤΩ
1001 2784 1113 2851 ΑΡΤΩ
1140 2779 1249 2846 Aleti
1276 2777 1369 2844 HMI

271 2875 302 2941 O
327 2876 384 2941 TE
397 2911 447 2927 —
460 2873 555 2954 Quae
589 2874 789 2970 scriptura,
813 2878 906 2972 quin
930 2898 1111 2972 germana
1139 2873 1202 2959 sit,
1240 2871 1366 2955 faciet,

270 2966 418 3063 opinor,
447 2971 551 3064 quod
578 2973 836 3068 superioribus
850 2974 931 3070 jam
957 2975 1176 3070 adjecturus
1203 2995 1301 3057 sum,
1327 2976 1370 3041 ut

269 3087 380 3139 nemo
399 3065 577 3165 deinceps
601 3070 762 3145 dubitet.
817 3073 965 3170 Nempe
997 3073 1190 3148 breviores
1216 3067 1371 3163 inscrip-

269 3163 392 3237 tiones
418 3175 538 3239 metro
556 3167 634 3240 fere
650 3168 776 3265 aliquo
795 3173 971 3245 concludi
994 3173 1140 3245 solent:
1167 3193 1212 3243 eo
1230 3177 1370 3250 nutem,

270 3283 347 3359 quo
375 3260 456 3358 jam
490 3265 742 3353 exhibuimus,
784 3272 899 3344 modo
928 3270 1141 3367 perfeetum
1181 3267 1370 3342 senarium

268 3359 462 3449 habemus,
487 3363 541 3438 sic
560 3363 693 3460 utique
712 3368 1022 3465 concipiendum:

304 3507 308 3516 ’
417 3506 548 3574 Tuww
566 3505 621 3574 λιθ
637 3535 679 3592 nn
696 3499 715 3574 ὃ
732 3535 751 3574 r
769 3505 902 3603 ανδρως
926 3537 978 3578 και
995 3537 1032 3576 το
1051 3507 1171 3598 σφελας
1183 3501 1210 3548 ⁶⁹

318 3721 366 3776 66.
397 3717 484 3777 conf.
521 3721 618 3780 Volcis.
651 3723 689 3781 ad
721 3722 792 3784 Eur.
844 3727 913 3786 tine
931 3724 1023 3786 literis
1049 3723 1139 3784 MSS.
1160 3743 1207 3782 roe
1220 3720 1370 3780 certiorem

270 3793 324 3853 Ph.
340 3800 408 3855 927.
425 3797 463 3856 lt.
477 3798 516 3859 P.
532 3800 571 3859 sd
593 3798 669 3860 Hec-
694 3808 792 3862 299=
845 3805 939 3864 iecit'*
974 3806 1048 3864 Rosa
1071 3805 1109 3864 ad
1135 3803 1268 3878 Inscript.
1302 3797 1370 3857 Del·

269 3877 340 3931 296.
844 3885 874 3942 in
888 3883 968 3944 Mus.
982 3883 1053 3944 eris
1069 3883 1137 3942 Vol.
1152 3902 1183 3942 n.
1195 3901 1226 3959 p.
1240 3883 1309 3938 ³92·

310 3956 359 4012 67.
381 3957 400 3986 “
414 3952 606 4030 Sculptorem,
621 3977 687 4016 curn
702 3960 794 4020 incer·
887 3967 935 4022 68.
957 3963 1048 4041 Finge
1071 3962 1160 4021 modo
1186 3957 1314 4036 ἀνδριὰς,
1341 3955 1371 4016 id

268 4043 317 4090 tus
332 4031 504 4092 hereretan
519 4032 615 4093 ΑΡΤΟ
629 4041 795 4098 moresnti·
845 4055 898 4112 est,
930 4042 1042 4102 AEolice
1067 4041 1197 4119 ἀνδριὰς,
1219 4051 1251 4097 et
1276 4035 1372 4095 omnia

267 4109 369 4186 quiesi,
385 4110 430 4170 vel
440 4115 538 4170 ΑΥΤΟ
552 4115 652 4174 seriori
667 4118 794 4177 scriben·
844 4121 938 4199 plana.

267 4187 337 4250 dum
371 4203 457 4260 esset,
501 4205 655 4268 unamque
680 4194 793 4258 literam
885 4207 934 4260 69.
947 4201 1023 4259 Vide
1033 4197 1071 4257 R.
1082 4200 1119 4258 B.
1131 4196 1290 4272 Mendiop.
1301 4196 1370 4251 258·

264 4268 429 4330 adhibuisse
446 4283 528 4348 putat
547 4271 713 4350 Knigbtius,
735 4297 793 4354 qua
843 4291 871 4338 et
892 4279 981 4339 R.D.
1004 4280 1034 4338 in
1055 4278 1192 4358 Append.
1218 4295 1248 4354 p.
1274 4271 1372 4334 19·—

265 4349 405 4410 ssntentie
428 4349 589 4412 Porsonum
603 4371 719 4430 quoque
733 4369 791 4416 ste-
843 4357 911 4418 21⁸.

1019 4469 1051 4522 ll
