3102 4936
821 381 898 452 230

205 573 400 658 ,mmm
414 569 601 646 Victorini
627 571 687 666 [p.
707 569 951 662 16·=2458.]
979 566 1066 646 loco
1091 569 1270 658 sentient,
1287 590 1409 668 expo-

225 675 269 724 Ν·
303 695 405 759 nere,
429 679 544 767 etque
574 671 615 743 in
644 668 813 742 medium
839 667 1064 762 relinquere.
1130 668 1233 744 Ecce
1262 683 1406 750 eutem.

191 771 440 844 *Nostri
463 769 592 842 Latini
619 793 697 842 cnm
725 766 861 840 litteris
877 775 1075 853 uterentur,
1100 790 1194 862 quur
1215 793 1241 841 a
1260 771 1408 844 Grecis

301 877 545 966 acceperam:
568 868 614 940 A.
635 867 677 938 B.
698 865 741 939 C.
761 865 809 938 D.
829 866 873 938 E.
893 865 925 937 1.
944 863 992 936 K.
1013 864 1057 938 L.
1078 864 1133 938 M.
1153 865 1204 938 N.
1224 867 1270 939 Ο.
1291 868 1334 940 Ρ.
1355 869 1403 949 Q.

301 967 346 1039 R.
366 966 405 1040 S.
425 967 471 1039 Τ.
496 975 535 1038 et
554 965 679 1039 Greci
694 963 837 1038 vocales
856 962 1067 1036 tatemer
1085 963 1247 1050 totidem,
1264 975 1408 1062 quctet

224 1103 225 1106 ¹
299 1090 378 1152 rone,
402 1065 447 1138 Α.
475 1065 520 1137 Ε.
549 1065 578 1136 Ι.
606 1064 652 1136 Ο.
680 1063 727 1136 U.
763 1063 862 1157 (nem
878 1066 925 1134 H.
953 1069 991 1134 et
1020 1067 1063 1134 Ω.
1083 1071 1221 1157 pentec
1246 1073 1330 1137 ruent
1357 1064 1406 1136 ab

300 1163 359 1236 bis
388 1164 563 1260 repertur)
600 1169 639 1234 E.
674 1171 712 1234 et
738 1168 781 1233 0.
819 1171 944 1234 ternus
984 1158 1164 1234 habebunt
1206 1162 1310 1258 apud
1343 1187 1408 1236 eor

296 1271 512 1358 potestates,
548 1271 588 1333 ut
622 1266 661 1332 E.
694 1269 791 1334 esset
821 1259 926 1332 breue
951 1266 990 1329 et
1018 1258 1249 1356 producitur.
1286 1266 1314 1331 1.
1342 1284 1407 1332 arr-

300 1370 371 1432 tem
405 1359 551 1457 hugum
591 1357 848 1456 quodammodo
896 1365 1014 1442 torret,
1053 1381 1131 1428 cum
1162 1366 1200 1428 et
1231 1363 1269 1430 E.
1304 1367 1342 1430 et
1374 1363 1403 1429 1.

289 1459 457 1552 junctum
489 1467 556 1532 ert.
622 1455 682 1529 Et
718 1464 761 1529 Ο.
804 1454 974 1528 similiter
1006 1477 1157 1552 quoque,
1196 1480 1275 1528 cum
1307 1467 1405 1528 erret

299 1581 416 1643 mum,
441 1556 591 1640 brevem
612 1564 647 1626 et
664 1553 917 1652 idemsaceret
931 1553 1078 1648 longum
1101 1552 1292 1649 syllabam,
1300 1580 1405 1653 prce-

300 1663 403 1727 terea
419 1655 641 1752 exprimeret
656 1677 786 1739 vocem,
810 1677 893 1750 qum
913 1651 1018 1748 apud
1039 1675 1101 1724 eon
1120 1675 1197 1748 per
1214 1652 1260 1724 Ο.
1287 1661 1324 1723 et
1352 1651 1401 1726 U.

300 1752 474 1824 scribitur
504 1758 578 1836 ΟΥ,
602 1747 783 1848 eieupud
807 1773 1040 1848 torqueque
1067 1757 1106 1822 E.
1131 1759 1167 1822 et
1184 1757 1226 1823 Ο.
1254 1749 1403 1824 totidem

327 1858 501 1922 otentuter
524 1847 713 1933 habeberet,
742 1859 779 1921 et
805 1849 962 1935 eandem,
986 1872 1079 1944 quas
1103 1847 1208 1946 apud
1238 1849 1400 1921 Groecor.

217 1952 289 2021 129
332 1945 478 2022 refecto
520 1947 552 2020 si
578 1948 600 1991 *
617 1946 658 2020 in
696 1945 756 2022 his
802 1946 1030 2021 sententiam
1062 1947 1135 2019 sibi
1169 1954 1404 2020 constantem

300 2069 458 2143 quaeras,
497 2043 636 2119 frustm
669 2067 730 2134 es;
771 2045 803 2119 si
834 2045 1131 2142 grammaticam,
1166 2045 1401 2118 tantundem.

302 2144 343 2217 si
361 2169 449 2218 curn
462 2143 544 2220 viro
560 2142 716 2219 doctiss.
741 2143 983 2218 Victorinum
996 2151 1140 2215 statuas
1158 2142 1248 2216 deli
1266 2145 1400 2218 Graeeo

300 2242 364 2316 hic
381 2265 505 2339 egere,
521 2241 719 2316 exordium
735 2241 850 2330 istud,
876 2241 1014 2315 Nostri
1030 2241 1166 2314 Latini
1188 2241 1403 2314 remitteris

299 2351 497 2428 uterentur,
529 2365 622 2440 quus
648 2366 673 2414 α
700 2341 844 2414 Grecis
875 2349 1106 2439 acceperant,
1134 2349 1214 2414 tam
1243 2341 1316 2414 erit
1346 2340 1403 2413 in-

300 2450 433 2540 eptum
450 2463 564 2537 quam
590 2440 693 2539 quod
710 2439 1002 2538 ineptissimum.
1066 2439 1133 2512 Sin
1150 2438 1279 2512 locum
1299 2438 1400 2512 circa

302 2539 474 2614 ELetini
501 2547 732 2637 potestatem
748 2538 890 2612 versari
917 2539 1034 2620 dicas,
1057 2536 1160 2632 quod
1184 2543 1224 2611 et
1240 2538 1323 2611 veri
1345 2537 1402 2612 vi·

301 2636 413 2712 detur
436 2639 609 2726 similius,
635 2638 846 2736 posteriora
868 2661 945 2710 non
971 2637 1027 2710 ita
1044 2645 1296 2730 congruenter
1312 2658 1401 2732 pro-

302 2737 449 2811 cedent.
492 2739 605 2811 Nullo
618 2737 773 2834 quidem
785 2735 941 2832 negotio
957 2735 1013 2808 ite
1024 2733 1215 2807 immutari
1228 2741 1396 2829 possent,

301 2844 346 2909 ut
372 2836 673 2932 precedentibus
698 2835 772 2908 hoc
801 2857 914 2909 sensu
941 2833 1109 2929 acceptis
1139 2831 1398 2906 convenirent.

302 2933 400 3008 Mihi
431 2957 522 3009 vero
547 2935 638 3008 satis
665 2943 734 3019 cst,
769 2933 872 3030 quod
897 2932 973 3006 loci
1000 2941 1078 3006 tam
1107 2929 1168 3006 vel
1195 2929 1317 3006 futilis
1340 2929 1402 3004 vel

303 3031 498 3128 depravati
527 3033 629 3105 nuile
645 3033 696 3105 sit
712 3031 928 3105 auctoritas.
981 3030 1095 3113 Quod
1121 3037 1251 3106 nutem
1274 3029 1323 3102 nd
1339 3027 1398 3101 in-

302 3131 538 3227 scriptiones,
562 3152 655 3229 quus
670 3130 800 3204 laudat
814 3130 873 3204 vir
889 3128 1055 3214 doctiss„
1085 3128 1239 3226 Sigeam
1261 3135 1301 3201 et
1322 3129 1398 3200 De-

300 3227 435 3344 liacam
456 3229 604 3313 attinet,
633 3228 681 3301 de
704 3227 763 3316 iis,
789 3228 882 3327 quid
908 3228 1153 3302 statuendum
1179 3227 1397 3314 sentiemus,

297 3327 749 3524 J&gebu{biiiiiiirimiiriiro
766 3426 825 3501 vir
849 3427 1004 3522 quidum
1020 3425 1204 3511 eruditus,
1232 3447 1400 3521 quocum

302 3528 394 3600 mihi
410 3527 455 3600 lis
481 3527 707 3612 intercessit,
734 3525 807 3601 viri
827 3524 981 3598 doctiss.
1007 3521 1399 3622 argumentumndju·

302 3633 410 3696 turus
424 3624 672 3700 exVictorino
682 3626 809 3699 locum
818 3623 1017 3711 adducet,
1026 3647 1113 3722 pag.
1123 3629 1172 3696 30
1181 3625 1395 3716 [=2468.].

302 3721 362 3795 Et
377 3723 668 3820 significaveram
686 3724 932 3824 priusquam
964 3723 1108 3797 Grecis
1134 3721 1231 3796 inter
1258 3717 1401 3794 vocabo

344 3962 392 4018 57.
413 3959 450 4018 R.
462 3959 503 4017 D.
518 3958 546 4017 in
559 3960 692 4038 Appeod.
706 3979 736 4038 p.
755 3959 822 4020 14⁸.
873 3961 1076 4022 recensionet
1095 3956 1258 4017 addititiunr
1270 3973 1398 4022 enseex·

304 4037 373 4118 tigit
392 4039 604 4098 habebunt—et
630 4038 704 4096 infre
745 4039 821 4108 tulo,
873 4039 981 4098 istimut
1003 4035 1180 4098 Boubier'iur.
1211 4035 1299 4112 Legit
1318 4054 1400 4112 ergo,

302 4131 490 4178 sonereteum
509 4138 544 4178 err
562 4059 820 4196 [Graecirffietl
871 4118 910 4188 A,
925 4117 961 4188 E,
974 4118 998 4189 1,
1014 4117 1052 4188 Ο,
1081 4113 1142 4196 [U]
1163 4117 1243 4189 (nom
1257 4119 1294 4185 Η,
1319 4120 1352 4184 Υ,
1372 4121 1400 4171 et

302 4199 411 4260 ductum
423 4206 501 4256 erret.
541 4195 588 4256 Ex
609 4198 662 4256 hec
683 4197 821 4256 tumultu·
872 4203 907 4256 0.
919 4201 1114 4276 portenae).

301 4297 353 4336 nse
378 4277 508 4360 congerie
534 4291 659 4338 mentem
683 4275 821 4342 Victorini
912 4281 960 4334 58.
997 4275 1161 4336 comment.
1196 4271 1235 4334 u'd
1266 4271 1399 4354 Marmor

302 4359 414 4435 assequi
425 4379 546 4436 nequeo.
566 4357 602 4418 In
615 4357 669 4418 hnc
679 4356 821 4418 vocalium
871 4342 979 4418 Snudr.
993 4375 1024 4434 p.
1042 4357 1070 4418 7.
