3130 4930
803 411 873 492 142

177 631 266 684 asor.
289 605 421 683 'EAON
446 607 494 684 ab
513 607 681 684 Homero
711 611 893 709 temporis
920 609 1299 708 presentis-perfecti
1320 634 1388 694 uo·

202 697 250 748 ¹¹¹·
289 708 394 783 tione
423 710 446 756 ⁴⁸
459 707 642 796 adbiberi,
675 719 790 808 etque
823 712 983 808 anglice
1014 710 1141 786 valere
1177 711 1283 805 (nam
1314 736 1391 790 am·

175 799 276 822 “““
288 807 449 904 biguum
465 818 523 883 est
542 809 763 889 Latinorum
779 811 884 895 istud
902 820 1052 907 tempus
1075 810 1229 906 ahstuli)
1247 812 1280 890 I
1300 813 1391 886 imos

201 866 251 936 ⁸⁶
286 907 463 993 removed,
504 909 675 1005 adeoque
708 911 1011 988 commodissime
1045 912 1226 1008 subsequi
1268 911 1390 990 forma

287 1005 531 1102 subjunctiva
569 1027 654 1106 oppa
683 1043 842 1108 γινωσκῃς
884 1020 924 1082 ut
958 1009 1168 1108 dignoscas,
1204 1012 1285 1086 that
1317 1037 1389 1113 pou

285 1129 370 1202 moy
409 1107 643 1206 distinguitis
711 1110 826 1206 Apud
861 1111 1060 1186 Platonem
1097 1133 1188 1184 vero
1223 1111 1390 1186 aoristus

287 1209 415 1299 αφελειν
443 1207 491 1281 de
520 1217 692 1304 tempore
716 1207 910 1305 praeterito
938 1219 1164 1306 usurpatum
1196 1211 1298 1284 valet
1315 1211 1390 1284 uti-

286 1327 361 1400 que
394 1324 468 1400 φησι
506 1340 564 1389 την
601 1313 732 1390 Αθηναν
771 1316 904 1406 Ομηρος
936 1312 1075 1401 aptista,
1110 1310 1259 1384 Homer
1299 1335 1390 1408 aaya

286 1405 368 1478 that
385 1407 564 1480 Minerua
584 1408 788 1492 removed3
831 1408 895 1482 cui
923 1407 957 1480 si
985 1407 1198 1506 subjungas
1228 1429 1312 1508 oppa
1335 1445 1387 1509 γι-

286 1535 405 1602 vasaq,
444 1515 485 1580 ut
514 1507 721 1606 dignoscat,
757 1508 838 1582 atat
870 1508 915 1580 lae
944 1532 1030 1606 moy
1061 1509 1314 1608 distingui-rm
1347 1510 1388 1584 iu

285 1603 538 1683 soloecismum
571 1607 739 1686 incides:
783 1607 953 1709 postulat
990 1608 1092 1682 euim
1125 1609 1316 1684 sententia
1348 1609 1389 1682 id

284 1701 424 1804 ipsum,
450 1707 553 1806 quod
580 1708 683 1806 apud
714 1707 910 1782 Platonem
937 1709 1195 1805 subsequitur,
1228 1729 1312 1808 oppa
1340 1743 1392 1808 γι-

285 1837 417 1894 νωσκοι,
450 1815 491 1880 ut
533 1806 778 1904 digrwsceret,
809 1807 889 1882 that
924 1807 970 1880 lae
1003 1809 1121 1906 origtt
1154 1809 1388 1908 distinguat.

286 1901 428 1986 Verum
446 1903 637 1984 enimvero
656 1931 743 1984 cum
761 1907 920 1982 formam
939 1909 1152 2004 optativam
1170 1911 1296 1986 verbis
1312 1933 1390 1984 non

284 2002 357 2080 nisi
378 2004 427 2078 de
455 2013 629 2103 tempore
657 2007 851 2105 praeterito
880 2005 1060 2080 adhibitis
1090 2007 1271 2106 subjungi
1299 2032 1388 2085 con-

284 2103 487 2190 firmamus,
521 2107 635 2179 verba
660 2105 868 2180 indicativa
896 2106 1021 2204 accipi
1050 2108 1237 2184 volumus.
1291 2109 1391 2185 Nam

283 2201 406 2278 forma
437 2203 502 2280 illa
526 2205 635 2280 alteri
664 2208 782 2282 verbo
810 2205 997 2306 optativo,
1027 2207 1089 2282 vel
1119 2209 1297 2284 comite⁴⁴
1326 2207 1389 2282 vel

284 2301 439 2378 absente
471 2303 608 2380 vocula
648 2339 689 2378 av
731 2317 927 2404 usurpato,
970 2307 1074 2404 quod
1114 2319 1243 2384 tamen
1289 2307 1390 2382 circa

283 2408 435 2502 tempus
451 2403 690 2502 praeteritum
719 2405 862 2482 versari
892 2406 1038 2502 nequit,
1072 2407 1130 2480 uti
1165 2417 1204 2481 et
1236 2407 1387 2484 infinito

283 2500 346 2576 vel
374 2503 576 2602 participio
599 2504 650 2582 ad
667 2505 779 2580 istam
797 2507 972 2582 voculam
988 2506 1120 2598 relato,
1145 2531 1222 2584 non
1247 2507 1390 2584 incom-

283 2601 395 2680 mode
411 2602 625 2699 subjicitur.
1341 2607 1343 2612 ’

335 2726 494 2802 Homeri
525 2729 679 2826 quidem
704 2731 895 2830 pleraeqne
928 2731 1037 2810 editt.
1068 2732 1293 2831 odyss-111·
1322 2733 1384 2809 76.

284 2823 338 2898 sic
356 2839 649 2924 repraesentant:
805 2842 808 2852 “

333 3005 573 3024 ········
573 3037 576 3042 ,
589 3008 605 3022 -
619 3008 636 3022 ·
652 3001 729 3048 αντη
745 3001 812 3066 γαρ
830 3001 875 3044 ενι
891 2987 983 3066 aptot
1000 2973 1122 3068 θαρσος
1139 2973 1246 3051 Αθηνη

337 3070 452 3152 θΗΧ,
471 3063 563 3138 ἹΝΑ
579 3100 632 3160 μιν
650 3099 721 3164 περι
740 3101 864 3166 πατρος
881 3103 1109 3166 αποιχομενοιο
1125 3073 1309 3152 ΕΡΟΙΤΟ,

331 3166 389 3240 Hb
405 3165 457 3240 ἶνα
471 3200 527 3258 μιν
541 3169 638 3248 κλεος
653 3169 771 3239 εσθλον
784 3201 821 3242 εν
839 3173 1054 3268 ανθρωποισιν
1070 3172 1284 3240 ΕΧΗΙΣΙΝ.

198 3315 248 3388 87
286 3301 307 3344 ’
332 3303 459 3386 Quem
474 3304 602 3382 locum
627 3329 718 3382 casu
743 3304 871 3380 nescio
890 3329 965 3401 quo
982 3305 1037 3380 ita
1057 3311 1254 3380 verterunt
1271 3302 1388 3378 inter·

286 3415 426 3502 pretes,
453 3412 498 3477 ut
526 3404 629 3478 nulla
657 3428 746 3491 non,
775 3429 889 3502 quam
919 3403 1092 3490 viderim,
1119 3403 1389 3501 interpretatio

288 3503 421 3577 Latina
453 3527 566 3578 sensu
595 3505 752 3602 perinde
784 3527 890 3577 cassa
921 3503 971 3576 sit
1004 3513 1118 3598 atque
1152 3503 1237 3601 ipse
1268 3504 1387 3578 locus.

288 3603 443 3678 Habent
459 3604 593 3701 utique
611 3605 696 3677 alii:
727 3612 772 3677 ut
788 3605 905 3702 iprum
920 3604 967 3676 de
975 3613 1091 3700 patre
1106 3603 1254 3677 absente
1270 3603 1387 3676 iuter-

286 3712 461 3800 rogaret3
497 3712 536 3776 et
570 3713 614 3777 ut
644 3705 761 3802 pisam
786 3703 914 3802 gloria
941 3704 1073 3802 ingens
1101 3703 1206 3803 apud
1229 3701 1388 3776 bominac

282 3813 560 3901 consequatur:
589 3803 677 3880 alii:
704 3813 748 3878 ut
777 3803 1043 3901 interrogaret,
1072 3829 1123 3880 ar
1158 3813 1202 3878 ut
1235 3801 1385 3876 habeat.

284 3901 413 4000 Atque
430 3903 510 3983 hee
525 3903 681 3998 quidem
701 3925 816 3978 sensu
841 3903 951 4000 plane
974 3925 1079 3980 cassa
1095 3901 1251 3980 lectioni
1277 3899 1384 3977 exhi·

286 4003 376 4078 bitae
392 4005 440 4078 ad
458 4003 636 4077 amussim
648 4003 890 4100 respondent.
945 4005 1062 4078 Porro
1078 4013 1204 4077 autem
1223 4008 1266 4074 ut
1282 4000 1390 4099 prius

327 4195 658 4278 4'4'.OEd.'ryr.1uta.
694 4201 811 4270 Otroia
849 4223 928 4263 mov
956 4203 1020 4279 ζῇν,
1044 4204 1164 4267 ὍΠΩΣ
1192 4199 1304 4262 δύναιτό
1333 4223 1389 4268 τις.

282 4287 397 4357 vtum
419 4284 503 4351 τοῦθ’,
530 4283 650 4344 ὋΠΩΣ
674 4279 734 4353 ἐγὼ
755 4275 810 4338 λό’·
860 4279 921 4338 Cic.
944 4279 1032 4338 Tusc.
1049 4301 1087 4351 lv,
1113 4281 1152 4339 xi.
1181 4299 1231 4338 nec
1258 4280 1386 4342 adtibia

281 4361 347 4434 βων
372 4367 480 4438 Σημεῖα
507 4362 622 4429 τοιαῦτ’,
648 4363 681 4418 ob
706 4365 812 4428 ΦΑΝΩ
857 4361 987 4427 manao
1006 4362 1194 4444 ratos-qua
1206 4361 1387 4430 &auream

284 4441 388 4517 rabprir
402 4439 494 4514 >isur-
535 4443 604 4502 979.
636 4441 811 4519 strumae
859 4441 1049 4521 cupiditates.
