3080 4942
826 437 901 506 aa

210 621 1408 829 mapa

604 783 617 817 ‚
1198 781 1208 801 ,
1395 767 1406 781 .

201 815 386 928 ‘'“que
402 830 476 906 hoc
493 830 650 906 unicum
666 839 747 917 est,.
762 830 868 928 quod
880 827 969 927 jure
982 829 1041 907 im
1087 827 1270 904 obaveria
1321 827 1409 902 Nam

313 931 438 1006 ultimi
460 933 538 1007 duo
562 951 696 1006 versus
720 930 833 1030 metri
854 930 961 1028 leges
978 927 1042 1006 vio
1056 937 1134 1004 ant.
1188 925 1411 1026 Hujusmodi
1484 943 1485 960 ¹

239 1109 243 1120 ,
313 1029 450 1130 utique
466 1039 714 1130 systematum
731 1054 777 1105 ea
794 1039 853 1107 est
869 1027 1028 1118 indoles,
1052 1040 1098 1103 ut
1119 1027 1253 1204 yrimae
1270 1025 1410 1127 syllaba

313 1133 506 1208 communi
518 1130 771 1230 subjiciantur
780 1130 821 1206 in
835 1131 1009 1208 versibus
1019 1138 1127 1206 acata
1141 1128 1319 1205 ectisdac
1359 1127 1410 1202 lus

313 1241 353 1308 et
367 1234 551 1320 creticus;
566 1234 607 1307 iu
620 1232 852 1308 catalecticis
865 1231 1039 1330 dactylus
1051 1241 1091 1306 et
1101 1231 1308 1330 spondeus.
1321 1137 1410 1304 tilco

313 1341 443 1409 autem
459 1343 623 1409 metrum
641 1357 774 1409 eorum
793 1333 835 1408 in
859 1356 1017 1408 numero
1042 1331 1160 1420 venit,
1184 1353 1350 1430 quorum
1364 1328 1411 1404 ul·

311 1433 416 1509 timis
433 1434 587 1534 syllabis
605 1433 708 1510 nula
725 1432 909 1532 permissa
925 1443 985 1510 est
1000 1432 1155 1510 licentia
1167 1442 1411 1530 preterquam

259 1582 265 1604 1
311 1533 353 1608 in
371 1536 539 1610 clausula
556 1535 797 1610 catalectica..
830 1535 950 1633 Atqui
966 1556 1100 1610 versus
1115 1541 1275 1630 quartus
1292 1529 1412 1607 cretici
1486 1556 1487 1632 l

312 1634 399 1712 loco
429 1634 648 1734 tribrachyn
677 1636 828 1711 duobus
858 1635 1094 1734 temporibus
1118 1633 1308 1710 minorem
1328 1653 1412 1732 pre·
1486 1633 1487 1728 l

311 1733 399 1811 lert.
451 1737 619 1812 Ultimus
645 1733 837 1834 ejusmodi
864 1744 935 1823 est,
962 1733 1076 1833 cujus
1108 1732 1312 1834 proprium
1339 1755 1412 1808 esse

311 1836 426 1928 video
443 1837 548 1912 aliud
566 1859 745 1914 versuum
757 1846 926 1935 systema
937 1833 1127 1922 claudere,
1144 1835 1186 1910 in
1198 1834 1338 1934 quibus
1350 1831 1412 1908 sci·
1487 1860 1488 1918 y

310 1935 404 2013 licet
418 1937 698 2035 dactylus-cum
713 1937 856 2014 cretico
872 1961 949 2014 non
957 1935 1040 2035 jam
1052 1935 1205 2035 syllabae
1218 1932 1412 2022 communi.

311 2038 380 2112 sed
396 2040 569 2135 spondeo
587 2038 648 2114 vel
665 2038 833 2115 trochaeo
845 2038 987 2136 subjun
1015 2037 1116 2112 itur:
1134 2034 1350 2134 cujusmodi
1362 2043 1411 2110 eu

311 2137 407 2213 iulii
424 2146 465 2212 et
482 2138 636 2214 Manliae
647 2137 971 2236 epithalamiuma
986 2063 1139 2214 getulio
1153 2136 1412 2236 conscriptum,
1488 2239 1489 2242 y

311 2238 385 2312 nisi
398 2240 504 2336 quod
527 2238 582 2315 ibi
604 2239 750 2338 primus
774 2263 1047 2338 nonnunquam
1063 2262 1132 2338 pes
1149 2238 1300 2314 iambus
1310 2233 1410 2312 ‚adhi-

310 2339 447 2417 beatur
458 2339 495 2433 †.
522 2339 671 2416 Eodem
688 2339 805 2416 etiam
822 2341 977 2416 nomine
995 2349 1220 2440 corruptum
1235 2346 1310 2428 est,
1321 2333 1411 2436 quod

311 2439 575 2541 antistrophen
593 2439 751 2529 claudit,
894 2517 898 2525 ,

612 2599 681 2676 Tac
699 2627 718 2664 τ
732 2593 1045 2690 ευδοιμονοςᾙρας.

311 2753 486 2831 Alterum
501 2754 649 2831 scilicet
666 2774 715 2829 ex
733 2753 853 2829 altero
873 2764 1007 2830 natum
1024 2759 1083 2828 est
1097 2751 1304 2850 flagitium.
1347 2745 1411 2824 Sed

310 2877 360 2930 ne
376 2855 552 2953 pluribus
567 2853 724 2931 lectoris
741 2861 916 2954 tempora
926 2875 1130 2943 moremur,
1145 2853 1201 2930 sic
1213 2851 1409 2930 rescriben-

311 2955 404 3031 dum
421 2977 643 3032 censemus:
1106 2977 1110 2987 ·

224 3107 300 3180 306
457 3099 461 3110 ’
577 3101 599 3146 ⁴¹*
613 3107 725 3176 HPAI
743 3137 805 3176 ποτ
825 3103 1113 3178 ourMfflAl‘ffl’

614 3209 690 3278 Των
706 3205 876 3298 ηλιβατων
893 3206 1019 3302 lipom

613 3309 772 3403 Αρχοντιι
791 3307 873 3388 θεοις
890 3336 993 3402 μεγαν

616 3409 742 3503 Μοιραι
759 3407 1126 3479 ΞΥΝΕΚΟῙΜῙΣΑΝ

663 3508 768 3603 Teucri
785 3509 933 3601 ὖμεναιῳ.

314 3667 404 3741 Cum
425 3665 572 3742 Janoae
598 3667 684 3742 oum
711 3669 887 3770 Olympio
908 3667 1046 3742 caveat
1070 3665 1158 3741 solii
1181 3691 1307 3767 regem
1326 3665 1410 3740 inter

310 3768 399 3844 cleos
424 3791 594 3866 mum
617 3770 722 3845 Fata
744 3767 1410 3846 idem-cubileadscendcresecerunt

310 3869 381 3944 tali
411 3869 606 3967 aymam.
666 3871 873 3948 Locutioni
918 3877 1049 3944 autem
1092 3874 1170 3968 Hpq
1203 3869 1409 3961 Ευνεκοιμισαν

309 3969 444 4045 similis
461 3980 519 4047 cst
536 3992 623 4067 quse
638 3975 742 4069 apud
761 3970 991 4071 Sophoclem
1004 3977 1111 4047 extat
1125 3969 1268 4045 Electr.
1283 3973 1362 4044 276.
1374 3967 1408 4039 et

348 4321 470 4396 †Vide
484 4342 574 4401 supra
585 4340 636 4401 pp.
651 4324 780 4380 58-60.
830 4301 832 4309 Ι
892 4318 984 4396 41.).”
993 4321 1091 4391 R.B.;
1107 4324 1125 4352 ‘⁴
1135 4319 1189 4378 Br·
1200 4315 1306 4378 lectore
1316 4309 1406 4378 aba,

350 4407 419 4461 270.
442 4407 582 4472 “,ἪΡΑι
615 4405 675 4462 ποτ’
707 4405 838 4462 ὈΛΥΜ-
890 4403 932 4462 D.
942 4401 1172 4474 emendationem
1180 4396 1323 4478 adoptat.”
1338 4389 1403 4456 nlla

309 4487 404 4541 lllAI.
428 4483 468 4542 sic
491 4481 547 4560 leg.
573 4505 602 4560 p.
624 4489 682 4548 432
705 4488 838 4556 (1737-
889 4483 1087 4560 ξυνεκοίμισαν
1098 4483 1139 4561 li.
1154 4481 1192 4543 Β.
1206 4497 1235 4542 el
1250 4482 1318 4544 Rev·
