3080 4942
764 361 838 430 530

148 569 237 684 ⁵¹5⁰?-
298 563 619 630 onaoooeorz
635 559 723 654 ..1.
736 558 877 613 ²²⁷-

137 669 333 773 -ss-Hac
351 696 485 792 utique
503 697 550 772 de
567 721 608 770 re
625 687 658 771 ei
671 695 756 795 quis
770 693 947 770 dubitare
965 691 1120 792 poterit,
1137 689 1187 778 ei,
1210 689 1371 788 opinor,

247 800 288 872 in
323 797 551 872 sententiam
584 821 708 872 meam
737 795 963 872 adducendo
998 793 1102 868 mille
1133 799 1374 890 argumenta

248 900 390 974 frustra
407 898 669 996 impenderim.

301 1071 346 1144 V.
378 1076 486 1145 1284.
512 1077 621 1144 Tauro
637 1073 682 1157 δε,
713 1073 805 1158 ταυθ,
832 1105 877 1156 ως
893 1075 1005 1156 nolimu
1021 1073 1260 1167 κεκορημενοι.]

250 1172 399 1246 Bellum
429 1170 602 1271 profecto
632 1171 695 1246 hic
719 1170 903 1246 hebemus
932 1173 1164 1248 senariuma
1192 1169 1371 1246 trochaeo

249 1273 507 1372 incipientem.
559 1273 619 1346 Ne
644 1271 777 1347 multis
803 1281 932 1347 eutem
962 1281 1002 1349 te
1032 1295 1238 1360 moremur,
1273 1295 1371 1346 ecce

250 1397 380 1449 veram
402 1373 608 1448 lectionem
637 1374 801 1448 totidem
817 1373 951 1464 literis,
978 1375 1064 1473 ipso
1091 1372 1209 1449 etiam
1233 1373 1374 1448 ordine

250 1483 416 1562 servato,
442 1482 706 1550 constantem:

551 1621 639 1689 Ταυτ
656 1617 711 1712 dds
723 1617 773 1704 ⁹⁸⁸,
799 1617 979 1688 raud—-

167 1763 241 1834 287
252 1751 274 1798 ⁵
288 1753 391 1826 Hac
419 1776 524 1840 cene,
564 1754 804 1840 hac-sive,
837 1753 896 1828 uti
927 1753 1083 1829 Florens
1112 1753 1370 1842 christianus,

252 1853 452 1929 sententioe
479 1855 519 1930 ui
550 1863 724 1953 cogente,
750 1855 1024 1954 interpretatus
1052 1863 1133 1940 est;
1160 1857 1264 1931 Hac
1285 1865 1374 1930 sunt

292 2086 362 2142 227.
392 2087 410 2114 “
434 2081 471 2140 In
505 2081 556 2140 lac
585 2081 644 2141 laco
670 2082 785 2141 Aristo·
838 2081 982 2162 Lysandri
996 2079 1032 2140 T.
1043 2101 1063 2152 1,
1077 2102 1107 2161 p.
1119 2087 1189 2140 143.
1203 2080 1238 2141 C.
1252 2080 1335 2139 Suid.
1346 2101 1375 2140 v.

251 2159 355 2242 phanis
375 2161 448 2220 niun
467 2161 629 2220 mutandum
650 2183 709 2222 esse
721 2183 785 2222 cen·
836 2167 1012 2242 Ἀντίμαχος
1022 2161 1374 2243 Kolopdnoc‚etKuster.

253 2263 310 2302 sea.
335 2243 505 2324 Quanquam
518 2244 590 2302 enim
599 2261 653 2302 voa
667 2246 785 2303 ὁπλοτε-
836 2244 875 2303 sd
889 2243 910 2302 l.
924 2242 1001 2322 apud
1011 2243 1054 2301 H.
1064 2243 1098 2302 F.
1111 2243 1235 2304 Clinton.
1250 2244 1279 2302 in
1291 2241 1374 2303 Fast-

252 2349 301 2404 ρος
314 2323 386 2384 aitte
400 2333 511 2404 preater
525 2343 621 2387 sonum
634 2345 695 2384 cunr
708 2325 785 2384 ὅπλα
836 2324 954 2384 Hellen.
995 2323 1072 2384 Vide
1103 2345 1220 2404 quoque
1245 2324 1373 2384 Salmas.

252 2426 393 2465 comnenae
415 2405 525 2478 habeat,
559 2405 609 2482 (ut
632 2405 785 2466 Dswesius
837 2405 913 2466 Plin.
950 2405 1081 2466 Exercit.
1142 2449 1150 2464 .
1175 2411 1245 2465 598.
1272 2407 1304 2464 b.
1335 2405 1372 2464 C.

252 2496 327 2546 recte
336 2486 492 2565 observat)
503 2487 600 2566 sufficit
610 2497 710 2559 tamen,
724 2489 786 2566 opi·
841 2486 940 2546 Volcis.
955 2487 996 2545 ad
1009 2485 1080 2546 Eur.
1095 2427 1151 2546 Pl.
1166 2492 1214 2548 68.
1227 2486 1322 2546 Picrs.
1333 2487 1374 2546 ad

254 2588 317 2638 nar,
338 2569 398 2648 ipse
421 2589 519 2640 sonus,
540 2577 572 2628 ut
593 2589 628 2628 ee
651 2589 683 2629 eo
712 2569 787 2650 Try·
838 2567 962 2646 Merop
984 2572 1138 2638 .439,40.
1161 2567 1376 2648 Schellenbarg.

252 2669 338 2728 gaeus
358 2651 529 2710 occasionem
549 2649 673 2730 arripiat
692 2651 788 2730 incep-
838 2648 900 2708 vit.
910 2660 940 2708 et
975 2648 1374 2727 ragm.Antimachi.1786.‚

255 2741 312 2788 tum
341 2751 452 2810 poema,
486 2732 567 2811 quasi
599 2731 787 2802 annisonum,
838 2742 868 2789 et
889 2731 1011 2790 Haeren.
1032 2730 1069 2790 de
1092 2729 1193 2790 Chsrt.
1213 2730 1323 2808 Papyr.
1342 2731 1375 2790 in

254 2811 445 2890 abrumpendi.
464 2812 623 2878 Quinetiam
631 2812 693 2870 haec
706 2813 788 2872 acrba
838 2809 920 2870 Mus.
932 2811 1020 2889 Borg.
1033 2832 1062 2890 p.
1074 2817 1123 2870 25.
1146 2809 1286 2871 Fabulam
1296 2813 1375 2870 hane

255 2895 369 2950 -Νυν
395 2893 459 2950 αυθ’
489 2894 649 2972 ὁπλοτερων
676 2891 789 2974 ανδρων
838 2892 939 2951 docuit
952 2889 1090 2951 Comicus
1105 2891 1154 2950 Ol.
1170 2911 1216 2963 xc,
1231 2899 1261 2952 2.
1279 2892 1375 2972 Asty-

256 2974 569 3050 αρχωμεθα-νευενα
605 2973 713 3032 initium
732 2975 787 3068 sa·
837 2972 919 3052 philo
941 2971 1099 3044 Archonte,
1113 2973 1199 3032 =A.
1218 2971 1253 3032 C.
1274 2971 1374 3052 419.].

257 3053 331 3110 dunt
350 3053 489 3132 pacantis
511 3054 654 3132 cujusdam
680 3057 790 3134 antiqui
839 3061 859 3102 ‘1‘
868 3054 924 3132 leg.
933 3051 1019 3130 ᾄδων,
1030 3051 1101 3133 ᾆδον
1113 3052 1173 3133 [ᾇ]
1186 3052 1375 3118 aduncitas?

257 3133 292 3193 (la
304 3133 494 3214 Expeditione
509 3135 536 3193 Τ
534 3133 641 3194 lebana
653 3159 710 3194 των
721 3141 789 3194 Ens-
839 3134 879 3194 R.
892 3137 931 3194 Β.
954 3139 972 3168 “
985 3133 1063 3212 ᾄδων
1077 3135 1194 3214 conjicit
1211 3135 1255 3195 Fl.
1270 3133 1374 3195 Chris-

258 3239 363 3290 γονων.
411 3224 496 3293 Αρχη
529 3237 585 3274 των
621 3223 790 3294 Αντιμαχου
840 3217 910 3274 tion.
933 3215 1019 3274 tacite
1042 3229 1215 3296 receperunt
1238 3217 1372 3276 Bnmck.

257 3295 709 3377 Euryavov‚inqnitSclalioster.
731 3297 791 3357 Sed
838 3310 869 3355 et
882 3295 947 3355 lnv.
976 3296 1035 3356 Sed
1047 3311 1127 3358 recte
1140 3297 1209 3358 MS.
1223 3297 1376 3358 Palatinos

257 3378 357 3450 vuius,
392 3379 483 3449 medo,
518 3377 634 3438 dixisset
666 3403 723 3438 των
749 3403 789 3446 εις
838 3375 918 3455 ᾆδον.
962 3376 1039 3438 Vide
1054 3379 1111 3438 Ar.
1125 3379 1210 3438 608.”
1231 3379 1270 3437 P.
1282 3377 1323 3438 P.
1337 3379 1378 3438 D.

257 3465 376 3537 Ομηρον
388 3473 607 3541 αναφερομινων
625 3465 658 3522 Ε.
679 3481 745 3520 nant
758 3481 790 3520 eo
839 3459 877 3518 ad
899 3457 919 3516 l.
949 3457 1063 3518 Pendet
1082 3460 1200 3538 quidem
1221 3457 1376 3526 Jordan,-

216 3599 221 3610 ,
258 3549 388 3618 tempore,
419 3563 473 3623 qno
497 3552 564 3600 acta
600 3553 642 3602 est
677 3541 789 3602 Aristo·
840 3539 893 3601 sed
905 3533 977 3616 ᾆδον
990 3538 1092 3620 [ᾆδον]
1108 3541 1229 3620 praefert
1240 3541 1376 3620 Rapum

257 3619 361 3697 phanis
381 3627 498 3699 Ειρηνη,
519 3623 614 3683 dubito
633 3643 672 3684 an
688 3644 790 3704 poema
840 3627 859 3656 ‘¹
874 3633 908 3680 ut
927 3635 1006 3683 recte
1029 3623 1165 3682 scribitur
1184 3623 1214 3681 in
1230 3642 1259 3681 v.
1286 3626 1376 3683 1277.

259 3701 425 3759 Antimachi
462 3703 490 3762 in
524 3703 610 3766 lucem
639 3705 788 3786 prodierit.
840 3701 888 3761 ed.
903 3701 989 3772 Ald.;
1012 3703 1050 3762 ed
1064 3701 1180 3762 παιδίον
1192 3703 1270 3762 enim
1284 3705 1375 3764 reser-

258 3781 303 3840 Et
325 3781 409 3839 verbo
430 3783 495 3861 ipsa
521 3785 625 3862 stylum
651 3787 790 3868 antiquio·
841 3797 897 3854 tur,
919 3795 951 3842 ut
965 3782 1074 3863 ἀμαθὲς
1087 3797 1116 3843 et
1131 3785 1292 3864 κατάρατον
1304 3785 1376 3844 inv.

259 3883 317 3922 rem
338 3861 487 3921 redolent.'’
512 3861 690 3926 Trnwmrr.
711 3867 790 3946 apud
840 3865 1011 3942 sequente.''

259 3944 323 4003 Bur
345 3963 398 4002 ess.
437 3943 679 4025 Euphorioapud
692 3947 789 4007 Schol.
881 3951 951 4004 228.
974 3945 1201 4026 “legaavrldd
1216 3945 1305 4006 Immo
1315 3943 1373 4026 leg.

259 3965 345 4084 Pind.
373 4025 402 4083 in
431 4024 615 4103 Argumento
638 4025 677 4084 ad
702 4026 789 4105 Pyth.
840 4031 917 4086 ταῦτ’
929 4024 988 4104 ᾆδε,
1003 4031 1080 4099 τηῦί)ι
1087 4027 1102 4053 ”
1112 4029 1151 4086 R.
1160 4027 1197 4088 B.
1217 4032 1238 4080 ‘5
1251 4028 1288 4087 ln
1301 4027 1376 4086 Edi·

257 4108 432 4185 Ὀπλοτέρου
450 4109 474 4164 r'
495 4109 633 4183 Ἀχιλῆος
651 4107 791 4186 ἂκοΰομεν
842 4108 920 4166 tione
942 4106 1087 4169 Farreena
1101 4107 1208 4188 legitur
1229 4108 1269 4179 id,
1293 4107 1375 4186 quod

260 4190 446 4268 Εὐρυλόχοιο.
480 4183 579 4266 [Vixit
603 4187 791 4250 Antimachus
841 4189 960 4267 corrigit
972 4189 1026 4261 D..
1047 4193 1125 4249 rovr'
1139 4187 1219 4268 ᾳδε.”
1235 4189 1374 4270 Bargasa

260 4266 408 4339 Ol.xc111,
424 4275 451 4340 4,
471 4267 790 4341 AlesiaArehonse,=
841 4273 862 4306 ‘⁸
878 4273 955 4330 ταῦτ’
976 4267 1027 4348 ᾆδε
1047 4270 1174 4344 Zanatts',
1196 4269 1241 4332 ΡΖ.
1264 4270 1375 4332 curist-

261 4347 299 4406 Α.
309 4347 344 4406 C.
354 4356 423 4408 404.
433 4363 506 4411 teste
518 4349 645 4410 Diodoro
655 4351 713 4410 Sic.
724 4371 790 4422 xm,
841 4348 951 4412 ianus.”
971 4351 1009 4412 P.
1024 4351 1064 4412 P.
1077 4352 1119 4413 D.
1331 4403 1334 4408 .

264 4432 331 4485 108.
353 4448 383 4506 p.
405 4434 474 4489 390.
501 4431 648 4490 Plutarch.
674 4433 703 4490 in
728 4432 788 4492 vit.
1084 4477 1086 4482 -
