3102 4936
670 435 742 502 215

203 619 224 664 ⁴·
253 617 353 692 Cum
370 641 428 704 eo,
448 641 561 715 quem
578 619 754 708 diximus,
776 629 948 698 veterum
964 635 1147 702 consensu
1166 652 1252 704 aon·
1272 653 1354 705 seer

1297 722 1338 768 lV.

153 867 215 939 mus
233 867 303 908 usus
324 847 485 919 AEolibus,”
512 868 612 927 reapse
631 849 676 908 fu·
726 850 851 928 cropidis
859 852 1017 931 priscisque
1029 855 1139 917 Latinis
1152 859 1251 938 ignota
1280 853 1351 920 120

154 947 217 998 usse,
241 941 270 986 et
294 929 335 986 sic
356 928 497 998 extitisse,
519 941 551 986 ut
565 929 677 988 erudita
726 929 794 988 olim
809 944 913 1002 essent,
924 933 961 992 de
975 935 1029 994 bac
1042 956 1073 994 re
1086 937 1111 994 si
1124 951 1251 1000 statuere

154 1023 335 1066 monumenta
348 1020 378 1066 et
391 1005 499 1066 nummi
512 1006 541 1065 in
555 1007 676 1066 divitum
725 1009 838 1079 vellem,
871 1011 991 1090 ineptire
1029 1015 1098 1072 mihi
1127 1018 1250 1076 viderer.

153 1087 362 1166 gazophylaciis
384 1086 526 1146 adservati
548 1101 676 1146 caterva·
729 1087 755 1143 V
753 1089 907 1148 illuisonum
920 1111 988 1150 sane
1002 1092 1038 1152 de
1052 1093 1183 1155 Homero
1196 1117 1249 1176 op·

153 1167 202 1224 tim
237 1179 388 1224 testantur.
452 1165 594 1231 Quisnam
622 1167 676 1225 hac
725 1167 793 1226 time
803 1170 999 1246 promeritum,
1021 1173 1083 1231 sine
1096 1174 1155 1234 ulla
1164 1176 1250 1235 dubi-

153 1245 216 1304 luce
239 1259 390 1325 praestaret
412 1265 475 1305 sese
500 1248 537 1304 ab
558 1247 676 1304 ἀνάσσω
725 1247 831 1306 tatione
841 1249 1248 1326 taliaeil'utientemhabemus,

153 1326 230 1404 apud
265 1325 384 1384 Poetam
412 1325 523 1386 felicius
551 1327 676 1396 ἢνασσον
726 1325 825 1385 Diutr.
839 1332 960 1405 p.lll.:
977 1331 1059 1396 Quod
1067 1352 1130 1390 vcro
1143 1339 1180 1411 τῷ
1195 1353 1248 1414 yp-

153 1425 252 1464 eruere
267 1419 297 1464 et
318 1405 464 1484 effingere,
486 1424 573 1482 quarn
592 1425 610 1464 a
629 1429 675 1476 ιη·
724 1404 797 1465 silon
815 1408 1017 1485 antiquissimos
1038 1411 1154 1471 Graecos
1167 1435 1249 1474 cuns·

152 1485 244 1558 plere
258 1486 420 1562 quempiam
441 1488 564 1561 ἥρυσσον
580 1485 676 1544 rimari
724 1484 778 1543 isse
797 1486 954 1564 suspicatur
984 1487 1030 1545 CI.
1053 1488 1246 1569 Bartheleruy‚

152 1565 259 1642 posse?
282 1563 515 1622 BEN'l'LElUS
530 1585 599 1623 sane
612 1585 676 1624 eam
723 1563 774 1622 hoc
786 1566 855 1622 milei
867 1565 1046 1626 certissimum
1057 1569 1171 1640 uidetur,
1186 1591 1249 1631 mens

152 1661 209 1701 nau
233 1663 291 1702 uno
315 1643 428 1702 turbine
450 1663 617 1703 concussam
642 1664 676 1702 ac
721 1654 862 1720 preterea
879 1645 990 1704 medum
1010 1649 1042 1705 τὸ
1058 1654 1080 1704 Β
1094 1649 1172 1726 apud
1184 1649 1249 1710 illos

151 1741 225 1800 pene
239 1723 420 1802 profligatam
435 1743 487 1782 sua
500 1724 616 1783 solertia
629 1743 675 1782 re·
725 1721 753 1778 V
767 1726 940 1782 conamrnntis
952 1725 1086 1786 interdurn
1100 1729 1185 1787 uicem
1198 1751 1248 1798 ee,-

152 1802 267 1872 creavit,
280 1803 676 1882 adpristinumquevigorem
721 1803 848 1880 plenisse,
877 1814 904 1862 et
927 1805 1006 1864 modo
1033 1806 1062 1864 in
1087 1808 1248 1886 quibusdam

152 1881 236 1940 simul
258 1893 287 1941 et
306 1883 457 1941 utilitatem
477 1883 675 1942 resuscitavit:
724 1883 834 1941 uocibus
858 1883 928 1942 idem
954 1885 1082 1954 uoluisse,
1214 1893 1247 1960 Β,

152 1973 238 2039 atque
259 1961 400 2021 hodierno
421 1963 468 2020 die
481 1963 607 2021 Pondere
611 1964 677 2038 fisa
724 1961 803 2020 modo
827 1962 856 2020 in
879 1962 945 2021 aliis
965 1963 1036 2022 idem
1057 1985 1092 2044 qn
1141 1966 1248 2026 Vcen-

151 2061 199 2100 suo
216 2051 267 2111 ert,
282 2043 420 2122 nudosque
441 2049 563 2121 persero
585 2061 678 2102 ramos
725 2061 836 2100 sonum.
858 2041 938 2100 Dum
951 2043 1014 2102 haee
1027 2043 1101 2121 lego,
1113 2045 1249 2106 incertior

154 2121 316 2192 Ostendens,
337 2132 442 2192 trunco,
463 2142 516 2180 reon
525 2121 678 2199 frondibus
725 2140 789 2180 sum
812 2121 904 2181 multo
918 2141 1004 2200 quam
1019 2123 1138 2184 dudum.
1181 2125 1248 2186 Osi

151 2201 229 2278 efficit
250 2201 383 2262 embron.
436 2200 504 2267 Qua
531 2201 568 2260 de
590 2221 677 2260 causa
724 2214 832 2278 praesto
851 2216 927 2260 esset
945 2201 1111 2261 Adamantii
1133 2203 1249 2266 libellus

152 2281 206 2339 hoc
229 2291 372 2360 στοιχεῖον
393 2281 550 2359 antiquitus
571 2289 677 2340 sextum
725 2281 761 2338 de
784 2279 812 2336 V
830 2280 926 2340 littera
950 2294 980 2340 et
1001 2295 1081 2341 muts
1102 2279 1131 2338 V
1156 2265 1249 2344 vocali

152 2360 253 2419 ordine
274 2361 370 2422 locum
383 2361 517 2420 sortitum
531 2359 576 2429 sit,
598 2361 678 2436 quod
724 2360 775 2436 qui
812 2377 866 2418 me
902 2360 1068 2438 inexplebili
1082 2361 1249 2423 .desiderio
1369 2379 1379 2398 t

151 2441 305 2511 nmine,
325 2459 432 2519 eosque
446 2440 523 2498 viros
537 2454 678 2518 praestan·
725 2439 820 2496 tenet!
843 2451 920 2498 certe
941 2440 1006 2498 haee
1026 2440 1197 2519 confragosa
1218 2453 1249 2502 et

152 2533 206 2590 tes,
225 2523 255 2580 in
269 2521 383 2581 diversa
402 2520 481 2578 abire
502 2519 607 2596 coegit,
622 2518 678 2580 illis
724 2517 869 2596 inhospita
885 2531 963 2580 tesca
978 2537 1076 2578 curam
1090 2519 1247 2579 culturam-

152 2600 200 2678 qui
235 2601 377 2658 Φοινικικὰ
412 2601 526 2678 σήματα
561 2597 677 2678 Κάδμου
725 2616 782 2674 qne
793 2597 965 2655 severiorem
976 2595 1150 2656 desiderant.
1165 2597 1248 2658 'Per-

152 2693 364 2757 perscrutantes
387 2679 422 2738 iis
451 2679 622 2738 deliniendis
648 2691 678 2737 et
724 2696 813 2760 parra
839 2689 906 2734 sunt
929 2675 1107 2752 antiquitatis
1133 2676 1247 2752 rudera,
1361 2693 1369 2706 ²

152 2759 318 2818 exeolendis
341 2780 373 2819 se
394 2769 471 2818 totos
492 2758 677 2827 addixerunt,
724 2775 742 2813 e
766 2756 870 2832 quibus
893 2755 948 2815 ista
963 2755 1085 2814 Romani
1109 2758 1249 2818 sermonis

152 2838 364 2916 explorandum
389 2836 530 2916 relinquo.
581 2836 676 2902 Quid·
724 2834 897 2894 incunabula
921 2834 1024 2893 elicere
1044 2855 1192 2913 queamus,
1219 2851 1248 2896 et
1341 2831 1348 2842 ’

153 2918 223 2996 quid
236 2920 282 2989 sir,
296 2918 388 2978 tbteor
400 2911 543 2995 equidem,
566 2936 613 2974 me
626 2917 676 2976 ad-
725 2915 829 2991 qurbus
842 2913 960 2974 credere
972 2914 1132 2976 indubitata
1152 2929 1249 2976 niente

154 2999 323 3058 sentientem
348 2999 453 3059 habere
486 2993 677 3055 SCALIGE-
724 2995 871 3053 debemus.
915 2993 984 3060 Quo
1003 3007 1090 3072 pacto
1111 2995 1249 3055 dialectus

155 3077 258 3148 RUM,
291 3079 342 3156 qui
377 3077 486 3136 fontem
514 3075 676 3146 recludens,
726 3072 876 3132 AEolicain
890 3073 1003 3132 dicendi
1016 3075 1250 3134 consuetudinem

154 3159 201 3238 ἀφ’
222 3155 255 3215 ol
277 3163 410 3236 γραπτὰν
429 3157 538 3221 Ἑλλὰς
552 3154 613 3233 ἔχει
631 3179 679 3215 σε·
725 3153 804 3231 apud
814 3151 920 3214 multos
931 3152 1024 3213 ltallae
1034 3156 1157 3233 populos
1170 3171 1249 3214 com·

154 3237 231 3307 lulla,
258 3235 379 3296 Graecas
401 3236 499 3295 literas
526 3235 634 3294 idcirco
661 3256 679 3295 a
726 3233 871 3310 migrarit:
898 3246 950 3292 sut
969 3253 1027 3312 quo
1046 3234 1134 3292 modo
1154 3233 1250 3294 Latini

156 3315 310 3376 Phoeniciis
344 3329 425 3376 natas
466 3315 562 3385 evicit,
599 3313 679 3392 quod
725 3314 849 3373 multum
864 3311 979 3372 AEolida
992 3313 1172 3382 imitatisint,
1192 3331 1251 3372 non

156 3401 174 3430 ‘⁶
188 3397 265 3456 idem
279 3395 351 3456 ordo
362 3396 407 3466 sit,
419 3395 577 3472 eademque
587 3393 680 3453 forma
726 3404 771 3451 est
784 3391 863 3470 quod
876 3392 967 3450 multa
976 3390 1138 3468 loquamur.
1179 3389 1250 3450 Car-

156 3495 263 3545 earnm,
286 3494 352 3553 quse
367 3475 579 3534 Phoeniciarum
603 3473 677 3552 (vid.
727 3473 813 3542 mina.
828 3484 861 3529 ut
874 3483 987 3540 vocam,
1010 3467 1186 3529 Fescennina
1198 3489 1250 3529 seu

157 3555 293 3615 Herodot.
305 3575 334 3626 v,
346 3554 446 3631 ts.);”
467 3554 603 3614 etliteras
616 3553 680 3612 illas
729 3547 873 3619 Saturnia,
892 3561 922 3608 et
946 3549 1074 3620 Arvalla,
1092 3549 1251 3628 longinqua

156 3637 237 3714 quasi
261 3635 419 3713 genetrices
452 3653 518 3692 cum
540 3633 680 3711 Syrorum
727 3629 811 3689 uobis
827 3627 930 3687 invidit
942 3642 1089 3698 vetuerant
1112 3629 1148 3689 de
1160 3628 1249 3709 scrip-

155 3715 407 3854 lappellationibus,
424 3733 494 3852 ppos
508 3728 609 3851 mptplo
626 3712 680 3772 sibi
728 3710 765 3768 tis
778 3708 854 3847 piati
866 3707 1035 3845 Λιιᾱὲἷιιιίοἰ,
1050 3721 1079 3767 et
1092 3708 1251 3802 Pacuuii·-

167 3815 251 3855 ueem
273 3808 404 3855 certatim
464 3811 557 3862 erun,
599 3807 681 3851 extre
727 3808 781 3847 ean
802 3807 848 3848 em
874 3807 926 3846 can
961 3806 1043 3846 enam
1069 3805 1249 3856 occrnamusr

156 3893 334 3954 comparans,
365 3873 482 3952 vaganti
514 3872 681 3951 digammon
727 3867 855 3927 Abstulit
867 3877 935 3926 utre
944 3865 1002 3926 dier
1011 3875 1038 3925 et
1041 3867 1146 3946 sunere
1159 3869 1252 3928 mersit

157 3969 264 4014 certam
288 3954 477 4031 stabilemque
501 3952 600 4011 sedem
613 3950 681 4029 jure
728 3949 836 4008 werbe.
878 3945 938 4008 Sed
959 3945 1008 4006 ille
1029 3967 1097 4028 ager
1113 3947 1190 4006 haud
1209 3947 1252 4004 in·

158 4035 322 4103 vindicarit,
336 4047 365 4092 et
379 4051 460 4092 suem
475 4032 529 4090 sibi
542 4031 681 4089 ditionem
728 4028 823 4089 cultus
833 4026 929 4106 jacet;
951 4027 1054 4097 virum,
1074 4027 1124 4104 qui
1138 4027 1167 4086 in
1180 4025 1253 4084 hane

156 4133 189 4174 ac
202 4126 375 4193 potestatem
395 4110 461 4191 [W]
480 4112 534 4169 rite
554 4110 682 4188 assigna-
730 4127 829 4168 curam
842 4105 969 4168 maxims
988 4127 1054 4168 cum
1073 4105 1158 4163 laude
1172 4105 1252 4162 incu-

156 4191 409 4254 vit—Utrumne
443 4189 570 4249 officium
603 4195 627 4247 Υ
653 4190 682 4248 in
728 4183 1254 4257 buit,-Lnuzrurr‚dico,acerrimum,

157 4287 270 4333 remota
319 4271 489 4352 antiquitate
537 4269 684 4347 digamma
731 4265 834 4344 siquis
851 4266 932 4335 alius,
955 4267 1054 4324 harum
1072 4259 1254 4336 rerumjudi·

156 4353 337 4423 consociant,
357 4353 454 4413 nullus
478 4349 600 4428 dubitor
631 4348 684 4407 sed
731 4365 803 4415 cem,
813 4346 923 4404 numeri
938 4345 984 4402 isti
995 4340 1103 4402 horridi
1117 4351 1148 4397 et
1155 4339 1257 4398 scabra

157 4439 293 4493 nnumr
313 4442 344 4492 et
360 4431 388 4489 V
406 4428 608 4492 vetustissimis
628 4427 683 4486 Ce·
731 4415 1256 4503 robigineexesipersaepeeffugerunt.
