3148 4936
834 379 883 446 56

201 587 290 640 sacr.
304 571 493 647 Nimirum
506 570 580 645 boc
605 567 806 644 venditant
830 568 1082 669 editores'pro
1105 571 1269 648 iambico
1291 581 1405 650 tetra·

236 653 257 703 ¹·
301 682 435 747 metro.
488 669 608 766 Atqui
631 668 704 744 hoc
718 667 832 743 metri
847 692 969 767 genus
987 671 1058 746 soli
1071 669 1249 746 videntur
1268 675 1406 750 comici

188 759 493 867 *iiquenon
505 769 578 844 nisi
591 769 717 843 Latini
730 768 957 844 adhibuisse.
971 771 997 807 ⁴⁸
1048 770 1130 843 Nec
1143 794 1234 846 vero
1249 783 1407 878 recepta

294 869 414 944 lectio
437 891 570 944 verum
599 867 804 943 iambicum
828 867 992 965 prefert.
1046 868 1200 968 Quippe
1215 872 1255 943 in
1272 881 1408 968 quarta

299 969 391 1042 sede
415 968 532 1042 iambi
553 968 639 1042 loco
666 968 773 1041 venit
798 967 1049 1066 pyrrhichius.
1103 969 1229 1044 Verba
1253 970 1294 1044 in
1312 971 1406 1045 duos

300 1067 481 1143 dimetros
497 1068 618 1142 divisa
630 1066 823 1164 oportuit:

350 1213 419 1288 Ad
431 1214 498 1288 hoc
510 1213 688 1288 dimaon
698 1213 901 1310 perspicis,

350 1313 490 1387 Amore
505 1312 722 1411 perculsum
738 1312 858 1407 gravi.
869 1314 896 1357 ⁴⁹

301 1455 526 1554 Cujusmodi
544 1465 602 1532 est
619 1456 685 1554 qui
702 1457 884 1532 continuo
901 1457 1076 1552 sequitur
1095 1457 1163 1552 [=
1179 1461 1313 1556 teus]

355 1593 545 1692 Sernelqroe
561 1603 598 1667 et
616 1593 718 1666 istud
724 1593 880 1688 functus
895 1603 961 1666 est.

304 1727 497 1806 Caetcrum
521 1730 586 1806 hie
615 1731 816 1805 observare
832 1730 926 1804 libet
949 1728 1156 1814 licentiam,
1180 1751 1257 1824 qua
1285 1727 1409 1804 utitur

305 1828 555 1905 Terentianus
572 1829 724 1904 iambici
741 1829 892 1904 dimetri
906 1829 947 1901 in
959 1827 1044 1914 fine,
1059 1837 1246 1923 quatenus
1263 1829 1408 1904 scilicet

218 1929 269 1998 29
304 1928 483 2026 syllabam
494 1929 548 2002 ibi
557 1932 712 2004 brevem
722 1928 1044 2028 producitavoce
1059 1927 1273 2022 *sequente
1286 1929 1408 2000 neuti-

304 2051 420 2124 quam
436 2028 606 2126 adjutam
619 2055 628 2114 ;
643 2027 669 2067 ⁶⁰
694 2039 827 2127 poetas
843 2029 997 2103 Graecos
1014 2047 1210 2121 nunquam
1231 2025 1303 2099 sibi
1325 2049 1410 2124 per·

303 2127 457 2204 misisse
511 2130 571 2202 Ab
589 2126 691 2203 omni
707 2129 823 2205 etiam
839 2125 995 2201 licentia
1015 2123 1132 2200 iidem
1146 2126 1410 2224 temperabant

346 2328 395 2384 48.
414 2325 558 2384 lambicos
570 2337 752 2386 tetrametroe
764 2347 830 2386 aea·
880 2323 952 2384 cives
958 2321 1036 2404 ferte
1046 2343 1125 2402 opem
1139 2333 1166 2382 et
1179 2323 1350 2402 restinguite.
1362 2321 1409 2384 vel

306 2403 453 2464 talecticos
478 2403 585 2466 Graeca
609 2406 754 2466 cornoedia
773 2427 831 2466 non
879 2405 986 2483 potius,
1002 2424 1049 2464 nor
1064 2403 1206 2482 referteo.

305 2481 441 2543 admittit.
482 2483 607 2545 Cratetis
628 2487 718 2546 verba
738 2483 832 2565 [apud
921 2489 969 2544 49.
984 2485 1159 2552 Percussum,
1176 2481 1251 2541 Hor.
1261 2481 1357 2562 Epod.
1367 2483 1407 2556 xi,

305 2559 569 2640 Harpocrationem
596 2577 626 2625 et
657 2565 777 2625 Suidnm
802 2586 830 2626 v.
881 2563 998 2624 01111.
1012 2562 1155 2623 etanck.
1167 2561 1308 2642 edHipp.
1323 2569 1410 2624 1808.

304 2641 470 2723 Hcpouolu]
484 2649 503 2678 “
512 2645 553 2704 ita
561 2645 743 2725 disponenda
755 2659 832 2717 sunt,
882 2645 984 2705 Recte.
1005 2645 1056 2715 sic,
1090 2645 1216 2708 Quarum
1240 2663 1323 2702 sacru
1340 2644 1410 2722 sero

299 2721 445 2826 'lugente'
452 2727 561 2794 εὐπιθῆ
570 2723 650 2799 βίον,
665 2731 833 2803 Παρονσὶαν
882 2745 986 2804 magno
998 2743 1153 2803 percussus
1167 2742 1260 2782 umore
1280 2721 1355 2782 Geo.
1377 2743 1409 2794 rr,

301 2804 833 2963 {summumne
883 2801 1411 2961 thlerttlmimlr

306 2976 377 3018 num
386 2957 411 3034 §.
424 2981 551 3020 xxxvrn.
563 2963 614 3021 ubi
624 2961 735 3021 Comici
745 2964 835 3022 verba
884 2961 1009 3021 Eborac.
1030 2961 1075 3019 M.
1086 2961 1206 3039 Capella
1217 2983 1246 3040 p.
1262 2967 1330 3023 147.
1349 2961 1368 3021 l.
1381 2967 1409 3023 7.

305 3037 349 3096 ita
387 3037 566 3118 disponenda
598 3043 835 3119 essarz-eppo
883 3042 913 3098 in
926 3041 1297 3117 mmquipertulit—“qui
1310 3042 1410 3100 omittit

299 3117 387 3200 'Rex'
397 3118 505 3178 ilino
514 3129 571 3194 γῆν
580 3118 673 3198 ἔχοντ’
682 3120 834 3190 ἐπιστολῆς
883 3119 974 3188 MS.,·
997 3118 1054 3197 leg.
1067 3119 1097 3178 in
1110 3137 1177 3176 eum
1187 3137 1275 3193 quem
1289 3119 1410 3197 perculit

306 3197 498 3268 Aaronem?
519 3197 556 3256 R.
567 3199 600 3256 P.
620 3200 658 3258 ad
672 3199 767 3278 Toup.
779 3221 830 3280 pp.
883 3199 985 3258 —m'de
998 3219 1023 3256 u.
1042 3198 1104 3255 12.”
1124 3197 1163 3256 lt.
1173 3197 1210 3255 B.

306 3281 375 3350 464,
394 3283 421 3337 5.
448 3297 534 3356 quem
557 3277 633 3338 confi
660 3279 691 3339 in
718 3279 772 3338 Pe.
793 3280 831 3338 ad
924 3275 1410 3338 50.Conf.Maur.1641.Santen.

306 3353 378 3417 Eur.
391 3357 451 3420 ΡΡ.
466 3357 742 3418 xl-ii=xliii—·vi.
762 3358 832 3418 Hoc
882 3357 957 3420 adl.
971 3369 1002 3416 et
1019 3357 1057 3418 ad
1070 3377 1101 3436 p.
1117 3361 1205 3428 273.;
1227 3369 1258 3416 et
1270 3363 1359 3429 2048,
1380 3363 1410 3418 9.

306 3451 430 3498 metrum
456 3451 502 3498 est
527 3437 639 3497 Latinae
667 3437 832 3499 Comoediae
882 3436 1012 3516 -Apud
1036 3437 1157 3496 Graecos
1179 3449 1291 3498 constat
1313 3439 1410 3498 “ulti-

305 3515 473 3596 proprium;
504 3518 571 3577 vide
593 3517 631 3576 ll.
647 3517 682 3577 B.
707 3520 745 3578 nel
767 3519 830 3580 Cic.
881 3537 959 3578 mam
987 3517 1017 3577 in
1045 3517 1175 3576 dimetria
1201 3539 1258 3577 non
1283 3539 1346 3578 esse
1366 3519 1410 3578 in-

305 3597 394 3657 Tusc.
408 3619 458 3677 pp.
471 3604 539 3658 425.
553 3603 623 3656 428.
636 3603 748 3658 ather
762 3597 832 3658 Cur.
881 3597 1072 3667 differentem,
1104 3597 1164 3668 sed,
1194 3598 1219 3657 si
1238 3599 1335 3658 brevis
1362 3600 1410 3669 sit,

306 3696 363 3735 aec.
375 3696 406 3754 p.
420 3683 468 3737 21.
507 3677 642 3736 Incertus
663 3679 741 3757 apud
755 3677 832 3738 Non.
881 3691 975 3736 metro
994 3676 1111 3754 longam
1130 3679 1301 3756 requirente,
1326 3678 1410 3756 adju-

306 3754 440 3816 Marcell.
452 3777 481 3836 p.
497 3761 565 3815 508.
605 3757 753 3818 Hominem
767 3759 831 3818 bea·
882 3758 944 3816 vari
972 3776 1036 3817 earn
1058 3757 1163 3816 debere
1187 3758 1410 3818 consonantibus

305 3845 372 3907 tum,
383 3837 454 3916 quod
461 3837 523 3896 511ae
525 3837 708 3916 pemeuibunt
717 3839 832 3898 divitie
882 3849 1049 3916 sequentem
1060 3857 1177 3896 versum
1187 3836 1412 3896 inchoantibus.”

305 3915 395 3994 Lege,
426 3915 451 3975 0
477 3917 610 3976 hontinem
633 3917 748 3988 beatum,
779 3939 832 3998 quo
882 3917 933 3978 Br.
965 3917 1102 3976 Addenrl.
1128 3918 1166 3976 ad
1191 3917 1314 3996 Lysistr.
1342 3922 1410 3977 278.

177 4015 185 4030 ’
305 3994 690 4075 illaeperuenibuntdr'm‘tr'ae:
704 3995 830 4056 estTro·
882 3997 956 4057 conf.
973 3998 1011 4056 ad
1035 3997 1109 4055 Ran.
1132 4001 1200 4054 984.
1225 3995 1299 4053 neh.
1324 4000 1410 4056 1194.

306 4076 431 4135 choicus.
450 4075 488 4135 R.
498 4075 532 4134 B.
558 4077 658 4147 Adest,
683 4077 762 4136 adest
775 4079 831 4157 sae
882 4077 939 4154 Eq.
960 4080 1028 4136 448.
1049 4073 1157 4134 Heath.
1171 4093 1232 4134 xrv.
1247 4075 1408 4136 Hermann.

306 4155 433 4216 obuoluto
445 4156 581 4236 mnguiae
597 4166 680 4236 utque
699 4156 831 4217 flammis.
883 4156 920 4214 de
929 4157 1029 4214 metris
1041 4158 1107 4212 108.
1123 4159 1190 4212 145.
1209 4154 1306 4215 Schol.
1318 4155 1409 4234 Cruq.

305 4233 395 4314 Trag.
414 4237 514 4296 incert.
537 4237 572 4295 sr.
595 4236 675 4316 apud
695 4235 782 4296 Voss.
804 4258 832 4316 p.
882 4235 921 4296 ad
935 4234 1010 4293 Hor.
1023 4233 1043 4292 l.
1057 4253 1084 4294 c.
1108 4239 1126 4267 ‘⁸
1138 4233 1301 4314 Synapheia
1319 4255 1407 4294 voca.

309 4319 376 4376 162.
389 4315 463 4396 lege,
485 4315 595 4378 Multos
619 4337 706 4378 cums
729 4317 832 4390 iareb,-
884 4329 940 4456 plur,
961 4313 1098 4454 quialnpp
1111 4315 1228 4392 pedum,
1243 4316 1294 4378 sed
1307 4335 1408 4378 sensus

797 4433 800 4440 ·
906 4413 942 4460 ne
955 4413 1057 4456 concu
1078 4395 1160 4455 ituri·
