3032 4958
527 411 741 465 annnarro.
1073 391 1152 467 *vii

67 617 186 670 nonne
200 611 333 668 manes
348 589 473 667 critici
488 595 567 666 tam
582 592 664 668 veri
680 591 827 667 tenacis
843 613 904 666 me
921 612 1030 666 reum
1047 615 1153 669 men·

66 715 157 793 dacii
172 723 347 816 agerent,
364 714 459 790 etin
475 716 691 792 temeritate
707 715 955 814 gloriantem·
972 711 1156 816 tanquam

68 840 449 942 impudentissimum,
476 840 576 938 aequi
592 848 632 914 et
645 837 765 937 jurati
778 837 930 938 judices
946 841 1165 938 pronunci-=

69 971 196 1042 arent?
266 965 390 1042 Immo
415 965 470 1040 illi
498 967 540 1040 in
567 963 788 1040 Dawesium
822 966 953 1063 potius
981 967 1165 1055 saeviant,¹

68 1093 125 1190 qui
141 1115 183 1168 se
199 1092 310 1168 nulla
326 1091 544 1193 corruptela
563 1089 731 1165 irretitos
748 1089 929 1166 sentiunt.

111 1215 154 1289 in
169 1215 244 1290 hac
262 1216 482 1303 Academia,
499 1237 615 1312 quam
635 1215 952 1315 Camogephyram
966 1216 1158 1317 appellare

70 1343 217 1430 solebat,
245 1366 369 1418 annos
387 1342 585 1417 duodenos
614 1348 871 1415 commoratus
894 1349 979 1426 est3
1008 1351 1049 1416 et
1065 1366 1159 1441 quo-
1294 1331 1297 1344 '

70 1469 132 1544 ties
144 1470 191 1544 ab
204 1468 292 1544 aliis
305 1468 409 1545 curis
422 1477 489 1542 aut
501 1464 689 1541 illecebris
702 1485 785 1537 sese
799 1461 939 1536 abduci
951 1471 1160 1560 pateretur,

69 1595 278 1670 Atticorum
291 1602 496 1693 poetarum
510 1589 979 1667 consuetudini'setotum
992 1588 1159 1678 dedidit;

71 1721 358 1819 Aristophanem
381 1741 495 1792 suum
522 1723 714 1792 nocturna
736 1713 905 1790 versavit
921 1737 1049 1804 manu,
1075 1738 1159 1793 ver-

70 1839 161 1916 savit
176 1842 328 1918 diuma.
380 1840 433 1916 At
449 1848 474 1880 “
486 1839 559 1914 sibi
577 1838 660 1938 ipse
678 1863 815 1938 parum
833 1839 975 1916 diffidit
989 1845 1021 1915 :”
1038 1840 1162 1918 fateor

71 1965 259 2063 equidem;
289 1975 332 2039 et
348 1963 535 2039 cancellos
552 1963 715 2038 nimium
732 1973 919 2061 angustos
942 1964 1016 2039 sibi
1034 1966 1163 2064 ipsum

72 2089 360 2164 circumdedisse
377 2109 619 2184 summopere
636 2088 760 2164 doleo.
800 2089 952 2165 Revera
967 2115 1045 2166 nou
1063 2093 1160 2167 mul·

72 2221 136 2304 tos,
167 2215 238 2290 sed
266 2214 437 2288 multum
463 2221 619 2288 etcum
647 2212 825 2289 molestia
851 2214 973 2313 legit;
1014 2217 1163 2316 singula

73 2337 305 2436 pedetentim
322 2335 549 2435 exploravit,
573 2336 987 2434 quaevisminutissima
1002 2335 1164 2437 'diligen-

74 2471 183 2538 teret
209 2467 392 2538 accurate
409 2459 659 2560 perlustravit
670 2487 681 2548 ;
707 2484 780 2537 nec
811 2461 892 2536 nisi¹
912 2461 1060 2559 liquido
1076 2487 1165 2564 pro-

74 2584 169 2659 batis
186 2607 364 2662 assensus
382 2593 452 2660 est.
846 2663 848 2667 .

119 2708 172 2785 Ut
194 2711 276 2787 otio
296 2708 520 2796 abundavit,
547 2718 587 2784 et
604 2733 715 2787 aures
737 2711 821 2811 ejus
831 2725 990 2811 'semper
1009 2711 1165 2790 fuerunt

76 2840 205 2910 teretes
221 2845 263 2911 et
281 2831 486 2930 religiosa,
511 2833 710 2913 Dawesius
725 2861 814 2914 cum
828 2839 1031 2916 sodalitate
1049 2840 1164 2916 etiam

79 2953 225 3036 honesta
250 2967 298 3035 et
326 2981 404 3032 non
429 2979 585 3058 prorsus
612 2957 741 3058 ἀμούσῳ
768 2963 932 3060 gratiam
957 2964 1057 3054 iniit,
1098 2965 1165 3063 qui

77 3081 181 3159 dictis
196 3084 340 3162 diebus
357 3106 480 3160 aeneas
494 3083 689 3162 machinas
703 3087 860 3187 fastigio
875 3091 1025 3189 Templi
1038 3091 1167 3167 Beatae

77 3205 200 3284 Maria
233 3231 455 3308 suspensas,
496 3210 616 3286 etad
656 3211 779 3288 divini
813 3214 980 3289 numinis
1021 3216 1168 3293 cultum

31 3369 32 3376 κ
78 3331 212 3410 Christi
227 3333 468 3435 professores
485 3337 714 3436 pierumque
729 3339 972 3428 advocantes,
988 3347 1168 3426 exercent

31 4678 38 4890 l

78 3466 184 3556 atque
211 3461 253 3535 in
285 3483 489 3535 numerum
515 3460 681 3561 pulsant.
746 3463 826 3538 Illis
857 3459 954 3539 sese‘
968 3464 1169 3541 ductorem

76 3583 325 3662 libentissime
342 3585 532 3685 praebuit3
559 3594 612 3674 et,
634 3584 738 3684 quod
762 3586 874 3661 multi
897 3587 1170 3687 impugnarint,

78 3712 350 3788 exercitatione
387 3710 620 3809 defatigatus
649 3713 765 3798 dono,
783 3711 908 3810 ‘quod
937 3720 1170 3790 testamento

77 3831 269 3932 legaverat
288 3833 455 3910 Domina
468 3834 717 3934 Margareta,
740 3859 830 3911 eum
852 3843 937 3913 toto
955 3837 1071 3914 choro
1088 3829 1171 3914 sese
1271 3890 1278 3902 ·

78 3981 246 4036 recreare
263 3983 311 4036 ac
327 3957 483 4036 reficere
499 3983 577 4034 non
594 3959 767 4047 nolebat;
786 3963 1018 4038 accedebant
1036 3965 1171 4040 eodem

80 4085 131 4160 sai
155 4087 355 4186 quoddam
378 4084 603 4185 facetiaeque
628 4087 748 4164 libero
771 4110 816 4164 ae
838 4089 996 4166 remisso
1017 4088 1171 4165 homine

81 4209 202 4307 digna.

129 4333 239 4410 Hanc
253 4335 560 4435 qualemcunque
578 4339 627 4412 de
646 4339 823 4416 Dawesio
848 4340 1024 4417 notitiam
1042 4365 1176 4439 accep·
1315 4303 1320 4344 Τ

82 4465 154 4536 tam
182 4459 310 4540 refero
329 4462 482 4538 auctori
498 4461 539 4538 in
563 4462 634 4540 hac
659 4485 700 4540 re
717 4472 821 4542 certe
838 4463 1074 4562 gravissimo,
1102 4464 1175 4540 Re·
