3102 4936
670 369 749 438 239

387 563 416 618 ί.
439 554 591 634 σπειρηδὸν
604 553 634 616 δὲ
648 553 736 626 οὕτως
750 555 904 638 [σποριδὸν
916 559 1041 640 vulgo.].

466 698 484 744 η
726 699 742 733 ν

245 751 536 826 ίίζθ

289 837 915 914 γειλορ

347 909 363 968 δ
594 933 609 969 ιι

160 1029 200 1085 ‘A
215 1025 244 1085 δι’
259 1033 310 1087 νῦν
325 1030 404 1105 ῆμεῖς
419 1027 575 1106 γράφομεν,
590 1029 694 1102 λε’γον-
744 1030 857 1090 ταιιτιιιὸ
884 1035 1031 1112 φωνῆεντα
1061 1039 1116 1115 οὐχ
1143 1031 1266 1094 ὕπατός.

166 1129 213 1164 ται
227 1105 364 1184 δισχηδὸν
377 1111 455 1182 παρὰ
479 1105 509 1164 τὸ
530 1105 694 1185 διέσχεσθαι
744 1130 841 1166 σονται
865 1115 1015 1190 φωνήισιν.
1038 1113 1075 1194 ἅρ
1095 1110 1146 1174 σίν
1169 1115 1201 1174 τὸ
1222 1111 1265 1171 δί·

166 1185 234 1262 (Ιίο)
259 1185 324 1252 τοὸς
350 1189 475 1263 στίχους.
526 1185 639 1257 Ἐπειδὴ
664 1185 693 1245 δέ
744 1211 856 1265 γαμμα,
876 1193 900 1249 εί
914 1193 1041 1270 εἴποιμεν
1054 1205 1173 1274 φωνῆεν,
1188 1196 1264 1272 είνρε-

167 1289 242 1334 τινες
270 1265 303 1324 τὸ
331 1265 377 1323 ίπί
403 1273 463 1332 τοῖς
489 1261 622 1337 βοιωτοῖς
648 1269 694 1326 καί
744 1269 859 1336 θήσεται
885 1271 917 1328 ἐν
941 1277 978 1350 τῷ
1006 1272 1027 1331 F
1052 1273 1137 1342 ἅναξ.
1170 1276 1216 1332 καί
1243 1269 1265 1329 F

167 1349 295 1404 αίολειῖσι
325 1347 482 1423 γενόμενον
508 1343 649 1424 δίγαμμα,
678 1347 693 1406 ὸ
743 1344 836 1418 ἔλένη,
862 1353 897 1407 τὰ
919 1354 940 1407 d
961 1360 975 1410 ἐ
1004 1357 1169 1430 τροταετιιτὰ
1196 1353 1264 1412 ὑπο·

165 1431 301 1483 τοσαῦται
322 1421 409 1491 οὕτως
424 1421 454 1492 F,
474 1419 631 1497 βούλονται
651 1428 693 1494 είς
740 1429 898 1505 ταττόμενα
941 1433 1070 1499 ωνῆεσιν·
1099 1431 1167 1509 ὅπερ
1187 1431 1264 1491 ε’στιν

166 1509 201 1562 τὰ
227 1511 356 1582 στοιχεῖα
390 1501 460 1579 (sic)
492 1505 691 1575 κατατόσσειν,
742 1505 859 1564 ἄτοπον·
874 1507 901 1581 γ’
914 1440 1005 1586 δρία)
1020 1515 1076 1587 γὰρ
1090 1510 1157 1587 (σία)
1170 1513 1263 1591 φωνή·

166 1581 293 1662 ἔλθωμεν
303 1585 350 1641 καί
363 1583 487 1658 ε’ίπωμεν
498 1589 562 1649 τοῦς
575 1586 691 1658 λόγους,
742 1607 809 1642 εντα
837 1586 869 1644 ίν
898 1591 951 1663 μιᾷ
980 1591 1051 1656 λέξει
1082 1588 1263 1668 περιλαμβά-

166 1662 199 1721 δί
231 1663 280 1730 οὓς
312 1659 470 1736 βούλονται
503 1664 693 1723 εατατοίσσειν
742 1667 840 1722 νεσθαι
859 1664 996 1724 ίιδόνατα.
1014 1672 1039 1726 εί
1061 1669 1118 1746 ίίρα
1134 1665 1185 1728 οὖν
1199 1667 1263 1727 οὔτε

165 1743 234 1800 αίιτὸ
259 1749 404 1820 στοιχεῖον
434 1739 512 1818 (εἰο)·
550 1744 596 1800 καί
629 1744 693 1802 τότε
742 1741 982 1822 σι’νμφωνονίστίν
995 1745 1058 1806 οὔτε
1074 1759 1194 1826 φωνῆεν,
1214 1746 1263 1816 ὸῆ·

166 1819 292 1899 δείξομεν
316 1821 359 1880 δτι
385 1823 434 1879 οὐκ
452 1818 513 1878 ἔστι
536 1829 688 1899 στοιχεῖον.
740 1825 793 1879 λον
814 1821 857 1881 ότι
877 1827 926 1881 οίικ
942 1823 1001 1885 ἔστι
1016 1835 1168 1904 στοιχεῖον.
1197 1827 1263 1885 Ἔτι

165 1903 236 1980 φασί
259 1899 302 1959 ὅτι
322 1902 408 1958 παντὶ
435 1904 564 1979 στοιχείῳ
593 1900 689 1960 ἕπεται
739 1909 796 1968 πᾶς
817 1907 963 1982 χαρακτὴρ
977 1911 1118 1984 στοιχείου
1139 1906 1264 1984 ἀριθμὸν

165 1979 231 2039 τὸέ
254 2004 296 2038 ειν
314 1989 482 2057 χαρακτῆρα
502 1981 548 2038 καί
562 1980 689 2058 Ὄνομα,
741 1987 883 2058 σημαίνει,
904 1979 966 2042 οἷον
985 1983 1017 2043 τὸ
1035 1991 1200 2063 ἅσημαίνει
1214 1984 1265 2046 τὸν

166 2059 200 2117 δι’
212 2004 254 2118 οδ(
260 2061 441 2138 ὀνομάζεται·
452 2060 492 2124 είς
505 2074 598 2138 φαμεν
608 2068 690 2120 τοῦτο
740 2059 794 2118 ἕνα
812 2061 944 2166 ἀριθμὸν,
967 2061 984 2095 ’
999 2063 1016 2097 ’
1030 2068 1080 2123 οίνιι
1103 2063 1162 2124 ἔστι
1189 2087 1264 2124 στοι-

166 2143 314 2198 ιιαλεῖοθαι
328 2143 348 2197 ἆ
362 2144 381 2210 ἦ
395 2143 426 2196 ὦ.
468 2142 501 2197 El
517 2138 575 2216 ἅμα
593 2135 644 2198 οὖν
657 2139 690 2198 τὸ
740 2148 832 2217 χεῖον.
885 2141 989 2212 Επειδὴ
1012 2142 1040 2202 δέ
1060 2168 1135 2211 τινες
1148 2147 1201 2213 τῆν
1215 2143 1265 2204 δα-

166 2217 299 2297 δίγαμμα
345 2228 513 2296 χαρακτῆρα
552 2217 613 2298 ἐ’χει
646 2220 693 2276 καί
743 2227 834 2292 σεῖον,
864 2225 1035 2290 ῆτνποιῖται
1056 2222 1143 2289 οὕτως
1163 2223 1189 2294 δ’,
1216 2226 1265 2282 λε’·

166 2298 268 2375 ὄνομα,
285 2296 428 2366 δῆλονὸτι
447 2289 691 2376 στοιχεῗόνέστιν·
743 2322 826 2372 γουσι
854 2310 1003 2379 στοιχεῖον,
1032 2305 1097 2381 φέρε
1124 2299 1199 2368 τοὸς“
1215 2303 1266 2360 λό-

166 2379 247 2454 ῆμεῖς
262 2375 291 2435 δὲ
305 2380 430 2453 λε’γομεν
444 2379 693 2442 ὣςοίνκέστιστοι-
743 2401 812 2450 γους
836 2379 969 2457 είπωμεν,
1000 2385 1061 2440 καθ’
1097 2386 1133 2451 ῆν
1169 2384 1267 2439 αἰτίαν

168 2465 259 2534 χεῖον.
299 2458 406 2516 Ἰστέον
423 2455 466 2515 ὅτι
479 2465 539 2516 πᾶν
551 2463 693 2534 στοιχεῖον
742 2459 860 2530 λέγουσι
889 2469 1030 2536 στοιχεῖον
1058 2463 1157 2529 αὸτήν·
1179 2461 1267 2538 φασίν

166 2539 213 2614 ἀφ’
226 2533 327 2594 ἑαυτοῦ
340 2535 473 2613 ἄρχεται,
494 2535 526 2594 τὸ
540 2543 560 2596 εἷ
574 2537 692 2594 ἀπὸτοῦ
743 2534 785 2593 ότι
812 2537 844 2594 τὸ
872 2547 1015 2616 στοιχεῖον
1046 2537 1107 2616 ἔχει
1134 2542 1198 2597 τινὰ
1223 2538 1266 2594 ἐκ·

167 2619 197 2675 d.
219 2614 251 2673 τὸ
264 2613 294 2687 β’
308 2614 365 2672 ἀπὸ
379 2611 478 2688 τρῖβ’.
500 2613 532 2673 τὸ
547 2614 692 2693 δδδίγαμᾳ
742 2616 879 2692 φόνησιν·
917 2617 1030 2696 τοιαότρ
1059 2617 1088 2675 δὲ
1114 2619 1131 2686 ῆ
1165 2616 1266 2677 δασεῖα

166 2719 209 2772 μα
220 2697 276 2773 οίνχ
288 2691 376 2760 οὕτως
395 2692 465 2772 ἔχει·
486 2697 535 2754 οίικ
555 2694 614 2771 ἅμα
634 2693 693 2753 ε’στί
742 2696 952 2771 προσγενομένη
975 2699 1021 2753 καί
1042 2699 1172 2774 φθόγγον
1191 2695 1268 2756 ίδιον

167 2781 320 2851 στοιχεῖον.
353 2773 452 2838 ἄλλως
481 2797 511 2832 τε
538 2775 693 2832 πάντατὰ
743 2775 931 2843 ἀποτελοῦσα,
974 2783 1116 2852 στοιχεῖον
1152 2774 1210 2852 ἄρα
1248 2778 1266 2844 ῆ

168 2862 294 2931 στοιχεῖα
319 2859 391 2912 κατὰ
420 2861 519 2911 πᾶσαν
544 2852 621 2912 ε’στίν
648 2855 693 2910 εδ·
743 2850 855 2912 δασεῖα.
877 2850 935 2912 ἔστι
956 2852 985 2912 δὲ
1005 2856 1096 2913 είπεῖν
1117 2853 1160 2914 ὅτι
1180 2857 1198 2924 ῆ
1217 2852 1266 2912 δα·

167 2935 267 3008 ρίσθαι
289 2930 444 2992 διάλεκτον.
484 2930 616 2992 τοῦτοδὲ
640 2934 695 3010 οίιχ
744 2939 807 2990 σεῖο
821 2935 869 2990 οίνκ
890 2930 950 2992 ἔστι
971 2941 1122 3011 στοιχεῖον·
1144 2937 1188 2992 καί
1209 2937 1266 3011 γὰρ

167 3013 323 3088 εὑρίσκεται
357 3013 382 3069 εί
412 3015 451 3088 μῆ
483 3016 563 3089 παρὰ
595 3014 694 3090 μόνοις
743 3012 839 3071 πάντα
865 3016 900 3070 τὰ
925 3021 1053 3091 στοιχεῖα
1075 3013 1093 3082 ῆ
1119 3015 1267 3092 φωνήεντα

168 3097 227 3157 τοῖς
258 3096 391 3155 Βοιωτοῖς
414 3093 460 3149 καί
488 3094 617 3149 αίολεῦσι
648 3093 694 3148 καί
743 3089 819 3150 ἐστίν
833 3092 850 3160 ῆ
865 3090 1011 3171 σόμφωνα.
1033 3095 1059 3150 εί
1072 3088 1124 3150 σὸν
1144 3091 1268 3170 δείξομεν

168 3169 284 3228 λάκωσε
305 3173 354 3228 οίνιι
375 3169 434 3245 ἄρα
458 3170 518 3229 ἐστὶ
540 3177 692 3246 στοιχεῖον.
743 3171 833 3239 αίιτῆν
859 3173 929 3247 μήτε
954 3181 1064 3250 φωνῆεν
1087 3167 1177 3231 οὖσαν
1196 3173 1267 3247 μήτε

168 3251 246 3307 'Euri
275 3246 304 3306 δὲ
335 3254 370 3306 τὰ
397 3255 525 3326 στοιχεῖα
557 3251 574 3318 ῆ
601 3251 694 3327 φωνὴ·
743 3249 892 3326 σίμφωνον
905 3247 994 3318 δῆλον
1006 3251 1048 3309 ὅτι
1060 3253 1111 3308 οίυι
1122 3249 1182 3309 ἔστι
1193 3273 1268 3308 στοι·

168 3350 235 3385 εντα
261 3325 368 3406 [ἐστίν]
391 3328 409 3396 ἢ
436 3328 493 3405 σι’νμ
515 3344 583 3385 ωνα·
611 3335 693 3387 τοῦτο
743 3335 835 3404 χεῖον.
856 3331 903 3386 καὶ
920 3340 1031 3407 φωνῆεν
1044 3329 1099 3406 μὲν
1116 3332 1165 3386 σίνε
1178 3326 1266 3396 ἔστιν,

169 3404 198 3464 δδ
212 3405 294 3464 οὸδὲν
312 3407 342 3464 εἰι
354 3405 459 3464 τοίντων
473 3405 591 3465 δυναται
607 3403 694 3478 εἶναι,
743 3405 837 3476 ἐπειδὴ
858 3408 891 3466 πὸ
912 3418 1033 3484 φωνῆεν,
1056 3409 1100 3464 καὶ
1116 3406 1267 3464 δασύνεται

169 3485 320 3562 σὸμφυνον
333 3482 388 3563 μὸν
403 3489 459 3561 γὰρ
472 3489 521 3543 οίυι
533 3483 604 3555 ἔστι,
619 3486 693 3544 ἐπει·
744 3488 790 3542 καί
817 3485 960 3559 φιλοῦται,
990 3485 1057 3562 ὅπερ
1084 3488 1117 3542 οίτ
1143 3506 1267 3561 παρακο-

170 3561 202 3632 δῆ
224 3567 261 3622 τὰ
289 3561 425 3644 σύμφωνα
445 3566 601 3640 εὑρίσκεται
621 3568 693 3642 μετὰ
742 3565 841 3622 λουθεῖ
867 3569 901 3641 τῇ
928 3562 1037 3640 δασεῖα.
1061 3567 1110 3622 οίνιε
1131 3563 1190 3641 ἄρα
1210 3575 1267 3642 φυ·

169 3641 264 3719 ίτίρσυ
278 3645 429 3722 συμφόνου
442 3641 489 3721 [ἢ]
505 3644 537 3702 ἓν
552 3643 694 3718 συλλήψει
744 3651 813 3711 νῆεν
834 3641 923 3700 ε’στίν.
945 3641 1043 3708 ἄλλως
1062 3667 1091 3702 τε
1110 3645 1135 3702 εί
1155 3639 1192 3712 ἦν
1211 3654 1267 3722 φω-

168 3722 187 3789 ἣ
213 3722 245 3780 ἒν
279 3721 435 3782 διαστάσει·
475 3719 536 3782 οίον
572 3723 694 3791 θνῆσιιω,
746 3730 814 3790 νῆεν
834 3723 851 3789 ῆ
873 3720 983 3791 δασεῖα,
1011 3721 1065 3782 ἔδει
1089 3722 1120 3782 τὸ
1146 3721 1269 3783 δασυνό-

169 3799 250 3860 ἔλιω.
265 3805 289 3859 εί
302 3801 360 3879 ἄρα
377 3797 428 3861 οὖν
442 3801 474 3859 τὸ
491 3799 512 3858 F
531 3804 564 3859 οίν
582 3800 696 3859 σύνεστι
744 3823 832 3876 μενον
859 3809 873 3858 ἐ
902 3804 948 3858 καὶ
973 3801 1004 3860 τὸ
1033 3802 1226 3879 δασυνόμενον
1251 3799 1269 3862 ῑ

169 3883 339 3959 συμφόνοις,
357 3884 437 3940 ἀλλὰ
455 3883 587 3959 φωνῆεσι,
606 3877 695 3949 δῆλον
744 3882 864 3957 μείζονα
900 3882 1009 3958 χρόνον
1042 3883 1189 3950 κεκτῆσθαι
1219 3886 1269 3941 τοῦ

170 3957 213 4016 δτι
233 3963 281 4018 obn
301 3959 360 4019 ἐ’στι
379 3956 695 4038 σὸμφωνον.όλλόίιτε
745 3959 927 4036 φιλουμένου.
949 3960 975 4018 εῖ
1002 3984 1035 4035 γε
1057 3965 1092 4019 τὸ
1111 3961 1143 4019 ἐν
1161 3958 1191 4033 β’
1211 3971 1268 4038 φυ-
1375 3971 1379 3978 ’

167 4049 277 4116 φωνῆεν
301 4039 419 4098 δύναται
445 4036 531 4098 είναι.
553 4045 613 4103 τοῖς
636 4041 694 4113 γὰρ
744 4037 1137 4118 νίιεσι(εἰο)ιιαταγινόμενα,
1171 4042 1268 4122 είζονα

168 4120 292 4196 φωνῆεσι
322 4121 477 4194 παρέπεται
513 4117 614 4176 δασεῖα
647 4120 693 4174 καί
743 4126 798 4175 τῶν
819 4115 956 4194 βραχίων
984 4119 1049 4176 είσί.
1075 4062 1169 4194 [zmff
1190 4115 1268 4176 οίνδέ-

169 4197 251 4270 ψιλίς.
289 4202 336 4274 Τῷ
350 4195 380 4254 δὲ
397 4195 418 4254 Γ·
435 4195 566 4256 οίνδέποτε
585 4195 694 4265 δασεῖα,
745 4218 812 4252 ποτε
825 4201 890 4271 τρία
910 4201 1057 4274 φωνήεντα
1076 4197 1108 4254 ἐν
1128 4199 1178 4274 μιᾷ
1199 4198 1268 4251 συλ-

168 4277 249 4332 ἀλλὰ
274 4278 370 4352 μόνως
397 4276 538 4349 ψιλοῦται·
564 4278 613 4334 οίικ
639 4276 695 4351 ἄρα
746 4271 826 4352 λαβῇ
841 4273 1159 4354 παραλαμβάνονταιῖ.
1172 4275 1196 4330 εί
1210 4272 1269 4348 ἄρα

169 4353 227 4414 ίοτί
250 4364 370 4432 φωνῆεν.
397 4353 498 4420 ἄλλως
519 4378 549 4414 τε
572 4359 608 4414 τὰ
627 4377 695 4432 τρο-
746 4348 798 4412 οὖν
819 4356 837 4422 ἡ
857 4353 958 4415 δασεῖα
978 4363 1099 4432 φωνῆεν,
1123 4353 1269 4426 είιρεθῆσε·
