3118 4948
718 365 793 434 323

196 554 442 640 “lectionem
479 553 642 644 Taetaes
684 557 823 654 probat
865 556 997 633 invitis
1032 555 1185 654 Musis.”
1251 560 1408 640 Atsscr.

196 655 334 744 Musis,
360 655 515 753 inquam
533 677 619 752 ego,
649 656 870 755 neutiquam
887 657 1027 750 ¹invitis
1053 659 1205 756 probari
1235 687 1303 761 po·
1324 653 1382 730 'll-

195 762 296 842 test3
324 777 540 852 quanquam
567 755 695 830 nullus
721 765 849 831 tamen
872 756 1044 836 dubitem
1069 757 1162 856 quin
1189 759 1303 836 Tret-
1316 759 1414 773 ’“““

194 877 267 929 zen
320 853 494 930 fefellerit
540 876 631 930 vera
687 855 880 954 sequentis
934 880 1065 931 warena
1118 855 1298 954 potestas.

196 953 220 998 ⁴¹
238 953 388 1052 Nempe
414 953 549 1028 ultima
576 952 679 1030 vocis
714 988 885 1054 τριηκοντα
914 977 990 1052 ope
1023 955 1187 1053 subjecti
1214 957 1299 1034 Vau
1315 968 1388 1040 179

193 1075 269 1126 non
286 1075 397 1130 secus
420 1051 645 1152 producitur
662 1061 776 1150 atque
794 1077 910 1155 supra
934 1055 996 1153 [p.
1015 1060 1127 1152 298.]
1154 1055 1300 1134 factum

192 1151 357 1226 vidimus
384 1152 424 1225 in
455 1157 488 1226 H
518 1153 537 1224 ὃ
564 1153 656 1250 evipi
682 1158 821 1238 πικελη.
874 1153 996 1252 Cujus
1024 1154 1139 1228 etiam
1160 1155 1300 1232 similia

191 1260 324 1327 extant
351 1252 527 1350 exempla
551 1254 737 1351 Σμερδαλεᾶ
757 1255 1148 1352 Ψιῐῖαχων-θυγατερᾶ
1172 1277 1298 1338 wau-⁴·-

190 1352 263 1423 ουδὲ
279 1375 373 1434 wovc
392 1355 458 1444 [E,
473 1358 560 1426 302.
579 1357 622 1440 Θ,
638 1357 725 1426 391.
753 1357 794 1439 Ε,
810 1357 899 1425 371.
927 1359 964 1438 Ζ,
984 1357 1066 1427 192.
1095 1357 1138 1440 Ν,
1151 1358 1237 1428 376.
1257 1366 1297 1443 Λ,

190 1455 277 1524 226.
306 1457 346 1537 B,
364 1453 473 1545 832]
501 1459 617 1547 atque
635 1450 709 1525 alia
728 1449 832 1524 haud
858 1473 992 1549 pauca.
1045 1451 1188 1526 Contra
1204 1475 1296 1529 vero

189 1582 389 1646 rprnxovrov
407 1549 530 1624 Musis
553 1549 685 1625 invitis
702 1550 742 1623 in
765 1550 874 1624 codd.
904 1548 1016 1623 MSS.
1035 1549 1222 1647 editisque
1239 1575 1296 1628 re·
1345 1603 1352 1610 -

190 1649 410 1745 praesentari
438 1649 660 1724 confirmare
689 1649 823 1723 ausim.
877 1649 1015 1748 Neque
1041 1649 1143 1724 enim
1169 1649 1295 1728 Musis

190 1747 333 1822 Graecis
355 1748 477 1846 magis
502 1747 675 1824 adridere
702 1747 927 1824 crediderim
954 1780 1152 1846 τριηκοντων
1179 1772 1295 1846 quam

187 1846 423 1945 trigintonaem
451 1849 608 1922 Latinis.
636 1852 638 1860 '
675 1848 838 1924 Proinde
868 1848 901 1922 si
934 1855 1097 1947 pergant
1127 1847 1293 1924 editores

185 1979 383 2041 τριηκοντων
409 1981 503 2021 erema
526 1947 728 2034 exhibere3
768 1955 807 2022 at
834 1946 1022 2044 refingtmt
1049 1953 1152 2022 certe
1178 1949 1294 2024 velim

185 2043 551 2144 interpretationem,
593 2056 638 2121 ut
679 2047 858 2145 deinceps
897 2045 1082 2120 habeatur
1123 2045 1294 2144 trigintic

184 2146 317 2222 mnia:
354 2154 399 2222 ut
433 2168 512 2222 non·
540 2146 628 2221 dico
658 2146 803 2222 Grecis
835 2145 978 2239 Latina,
1024 2143 1092 2220 sed
1123 2146 1292 2226 barbaris

184 2243 345 2321 barbara
361 2245 629 2344 respondeant.

233 2373 289 2444 Ιλ.
310 2377 347 2444 Γ.
366 2376 452 2445 389.
477 2377 526 2468 Tp
555 2405 609 2461 μιν
636 2381 792 2465 εειόαμενη
820 2386 1020 2468 apocopatus
1041 2369 1072 2440 δι
1100 2370 1288 2467 clopedera]

184 2468 332 2544 Bellum
349 2469 455 2546 istud
481 2472 641 2546 verbum
665 2503 823 2564 εεισαμενη
849 2467 961 2543 metri
978 2465 1159 2542 fulciendi
1177 2490 1290 2542 causa

184 2569 353 2644 effictum
384 2577 453 2646 est.
512 2571 615 2645 Dum
645 2592 735 2645 vero
765 2576 888 2643 metro
916 2565 1033 2640 semel
1063 2567 1289 2656 consuleret,

181 2669 408 2767 cuicunque·
423 2670 497 2744 hoc
516 2678 727 2768 acceptum⁴
741 2666 983 2743 referendum
1011 2664 1075 2752 sit,
1105 2666 1288 2742 adversus

180 2770 392 2868 analogiam
416 2793 493 2845 non
520 2793 597 2844 uno
628 2768 780 2842 interim
803 2765 956 2840 nomine
972 2763 1157 2862 peccavit.
1209 2765 1290 2839 Pri·

179 2889 286 2943 mum
302 2879 431 2945 autem
448 2875 518 2956 est,
546 2869 649 2966 quod
667 2869 785 2943 verbo
803 2889 825 2940 a
848 2863 972 2940 vocali
1001 2862 1180 2938 inchoato
1196 2885 1289 2962 aug-

180 2977 365 3060 mentum,
381 2971 485 3067 quod
502 2976 642 3044 vocant
658 2966 892 3066 syllabicum,
908 2963 1096 3038 tribuerit
1127 2963 1288 3039 Accedit

180 3068 297 3164 quod,
322 3070 355 3144 si
374 3070 535 3144 verbum
551 3068 681 3166 ipsum
698 3099 843 3158 εεισαμην
871 3071 976 3138 recte
1002 3062 1172 3148 haberet,
1200 3065 1288 3159 par·

144 3185 148 3192 ·
179 3166 312 3264 ticipio
340 3177 469 3244 tamen
502 3176 765 3266 augmentum¹
784 3184 984 3265 perperam
1016 3160 1283 3264 praeficeretur.

180 3265 241 3342 Tu
271 3290 362 3343 vero
391 3268 570 3365 deinceps
600 3291 662 3342 me
689 3262 913 3360 fidejussore
940 3262 1066 3358 legere
1095 3261 1206 3347 aude,
1234 3265 1284 3356 'lp

175 3400 230 3454 μιν
264 3389 517 3462 wercum-a
550 3367 668 3441 verbo
698 3364 831 3462 utique
864 3361 1031 3450 weriopac
1071 3358 1153 3432 haec
1182 3357 1284 3431 enim

177 3473 347 3570 potestas
364 3467 474 3565 apud·
491 3466 703 3542 Homerum
726 3469 914 3561 perpetua
935 3467 1003 3532 est.
1056 3455 1179 3572 Cujus
1196 3456 1282 3554 qui·
1389 3561 1391 3566 s

177 3566 265 3652 dem
284 3566 414 3656 verbi,
430 3575 474 3640 ut
500 3565 594 3639 illud
611 3564 727 3639 etiarn
742 3581 927 3646 moneam,
950 3579 996 3632 ea
1020 3564 1081 3630 est
1099 3565 1218 3644 notro,
1237 3562 1282 3630 ut

176 3689 265 3740 cum
304 3665 522 3739 accusativo
570 3662 740 3740 construi
774 3659 900 3733 *non
933 3654 1066 3756 possit.
1142 3655 1279 3755 Neque
1292 3653 1364 3724 180

176 3765 296 3862 igitur
313 3771 405 3851 erat,
422 3773 466 3840 ut
489 3765 645 3839 doctiss.
674 3759 827 3835 Clarkio
846 3755 993 3832 voculae
1009 3789 1063 3847 μιν
1080 3753 1279 3831 collocatio

176 3885 320 3938 moram
353 3862 541 3962 injiceret,
578 3863 640 3937 vel
666 3869 711 3936 ut
743 3879 863 3958 prope
891 3863 1004 3942 esset,
1040 3863 1085 3928 ut
1108 3854 1280 3930 crederet

176 3961 333 4050 ‚Poetam
358 3962 555 4062 scripsisse
582 3967 630 4057 Tp
658 3965 759 4033 ΜΕΝ
785 3988 953 4044 caesapon.
1014 3953 1150 4052 Neque
1176 3953 1278 4028 enim

174 4061 382 4160 quidquam
414 4063 455 4136 in
478 4060 649 4137 oratione
672 4065 777 4133 extat
803 4063 940 4154 praeter
963 4071 1171 4153 προσεφωνεε,
1199 4072 1276 4146 quo

173 4265 406 4339 suprap.1100·
439 4263 457 4294 ‘⁸
478 4270 701 4338 argenteolum
751 4259 843 4330 λόγοι,
877 4251 1133 4393 tcpprlidcoorrec
1173 4241 1275 4322 ἔξεδροι

173 4340 307 4400 auliaoffl
328 4341 358 4400 in
380 4339 559 4416 corrigendis
574 4339 700 4400 sustulit.
751 4345 868 4414 φρενῦν.
970 4343 1056 4397 usse,
1086 4323 1196 4402 ἔξεδρον
1226 4335 1273 4403 φρ.

172 4419 244 4482 Eur.
268 4419 363 4498 Hipp.
389 4423 558 4479 9352-939.
602 4417 700 4479 Meni.
754 4413 971 4565 Vissetsuprap.
987 4413 1055 4470 274.
