3102 4936
135 597 317 668 Ptissstinist
354 609 388 656 at
420 593 529 670 νάβλα·
571 597 661 676 Soplt.
713 601 863 681 principos
882 621 949 680 pars
970 606 1112 666 sononia
1129 623 1167 666 ex
1187 605 1239 666 Ε-
1260 633 1351 686 3107,

135 677 253 756 Fragor.
274 678 332 738 inc.
347 677 420 736 lxiv.
442 676 566 754 Sopater
586 679 664 756 apud
713 681 793 741 olioo
811 682 934 744 formem
953 684 1078 756 videtur,
1097 705 1163 746 cum
1182 706 1244 764 qua
1284 699 1326 744 lv.

135 757 244 818 Athen.
260 777 300 819 tv.
315 777 344 834 p.
363 761 431 818 175.
446 754 481 817 C.
510 756 665 822 Philemon
715 760 806 820 multa
833 761 929 822 saltim
956 765 1119 826 eommutu'a
1145 765 1347 826 hebet-¹¹·

136 837 208 896 ibid.
223 837 264 896 D.
279 850 309 896 et
324 837 406 896 nl).
420 835 561 896 Adversa.
576 856 605 913 p.
615 841 663 897 ts.
713 839 800 900 Cons.
816 841 911 901 Strab.
925 861 987 912 sur,
1002 863 1030 921 p.
1045 849 1114 904 tat.
1125 844 1225 906 Oxou.

141 916 239 975 Volci.
262 915 509 975 adCallimscbrio
528 937 558 994 p.
576 921 667 974 lde·
761 920 879 980 AEolunr
908 935 1003 982 tamen
1031 936 1121 1001 etque
1144 924 1245 984 lom

137 995 186 1056 Ex
195 995 316 1058 Oriente
328 994 665 1072 inGraeciamcommig-
713 998 812 1077 lingua
833 1007 890 1060 u'na
910 1001 1071 1080 eodemque
1089 1003 1179 1064 fuisse
1196 1004 1241 1062 ri·

138 1089 237 1136 rorant
257 1075 368 1151 Μύρων·
401 1078 516 1151 Νίτρον·
550 1077 664 1144 Ὀθόνη·
714 1079 819 1146 detur;
842 1101 935 1157 neque
949 1083 1115 1142 indisereta
1135 1083 1240 1144 abiisse

139 1153 666 1214 mutor—Nominattemantmattum
714 1158 862 1229 dialectos,
884 1161 940 1218 nisi
953 1174 1020 1238 post
1038 1163 1246 1238 emigrationes·

137 1234 237 1302 multe,
251 1245 282 1293 et
294 1233 431 1312 stirpium,
451 1245 480 1292 et
500 1234 666 1312 plastorum
715 1239 746 1298 in
756 1239 877 1308 Asiam
899 1241 950 1298 ubi
967 1254 1068 1316 gentes
1087 1241 1158 1310 illo,
1173 1261 1240 1318 qum

137 1313 166 1374 in
174 1313 314 1374 Achaiam
327 1314 441 1372 insecta
454 1312 664 1372 sunt-“Ce·
713 1319 872 1394 generatim
901 1318 995 1378 Danai
1015 1332 1045 1378 et
1065 1319 1170 1380 Acbsei
1187 1339 1240 1398 ap-

139 1412 224 1469 crops
235 1411 351 1470 quoque
365 1391 524 1470 AEgyptiue
537 1392 567 1450 in
578 1393 664 1452 Gree-
712 1395 901 1474 pellabantur,
928 1397 957 1456 in
982 1399 1088 1467 varies,
1114 1411 1144 1458 et
1169 1418 1186 1456 a
1207 1419 1239 1459 te

139 1471 212 1532 ciam
232 1471 330 1530 attulit
353 1471 520 1548 religionem
539 1472 595 1532 sibi
614 1493 665 1549 pa·
713 1474 835 1534 invicem
862 1489 987 1536 remotas
1021 1478 1152 1536 civitates
1179 1477 1239 1536 dis·

139 1552 224 1610 triam
249 1569 396 1610 unacum
423 1551 666 1628 appellationibus
711 1574 817 1631 persae,
842 1555 871 1614 in
897 1556 992 1616 vesias
1011 1556 1123 1632 species
1143 1556 1239 1616 diror-

137 1629 666 1708 patriis.Hincdeorumnomiuaapud
713 1653 812 1692 sorum
835 1635 1007 1694 idiomatum
1027 1635 1154 1712 patriam
1179 1655 1240 1696 ser-

139 1707 260 1770 orote·
270 1708 381 1786 origine
389 1723 457 1768 sunt
467 1709 666 1787 AEgyptiaca.”
713 1733 830 1772 monem
857 1715 1006 1790 paullatim
1027 1715 1240 1783 deflectebantr

139 1787 345 1850 vinxerint.
367 1819 405 1834 -
428 1787 666 1849 commemoratu
712 1792 753 1852 ita
774 1805 807 1851 ut
821 1791 966 1852 Herodoti
989 1791 1240 1872 aetate[1,142.]

138 1888 254 1946 quoque
267 1869 389 1944 dignum
399 1868 622 1928 Artemidorum
637 1870 667 1930 in
713 1883 838 1948 quatuor
860 1873 1014 1932 varietates
1034 1872 1141 1950 linguae
1166 1873 1241 1932 inter

139 1949 324 2025 geographie
338 1947 502 2024 fragmento
517 1947 596 2026 opud
620 1949 663 2008 H.
713 1951 793 2028 ipsos
818 1950 904 2010 lones
932 1951 1078 2010 Asiaticos
1104 1953 1241 2012 observa·

140 2027 313 2106 Stephanum
324 2027 397 2086 inter
410 2027 525 2086 Atticos
535 2040 565 2086 et
576 2028 665 2088 Atte-
713 2044 831 2100 rentum
853 2051 947 2108 neque
968 2031 1123 2108 pauciores
1146 2049 1241 2104 neque

138 2107 246 2166 masa
258 2107 445 2184 dignoscere:
467 2116 524 2164 τῶν
549 2106 572 2164 δ’
592 2108 665 2166 ivor·
713 2110 809 2170 minus
827 2109 958 2169 diversos
973 2109 1063 2168 fuisse
1078 2110 1183 2170 rsodos
1195 2110 1241 2170 lo·-

138 2185 568 2263 roivrovoipiv'As-rsxol,oide*
582 2190 666 2257 Ἀθη·
713 2189 821 2264 quendi
846 2189 875 2248 in
899 2189 1008 2248 Sicilisa
1031 2203 1061 2248 et
1082 2189 1176 2248 ltaliae
1191 2209 1241 2250 oo-

140 2273 226 2326 νιῑοι·
247 2267 274 2325 οἱ
299 2265 354 2345 μὲν
370 2267 502 2333 Ἀττικοὶ,
522 2265 667 2343 περίεργοι
713 2268 807 2339 loniis,
823 2289 839 2328 e
853 2271 984 2336 veterum
998 2269 1192 2329 monumentis
1207 2289 1242 2328 ss

139 2353 202 2414 ταῖς
226 2344 504 2414 lunainduentur,
527 2360 666 2423 συκοφαν-
716 2349 885 2408 testimoniis
920 2348 1079 2408 certissime
1119 2361 1240 2408 constet.

139 2423 247 2493 rdsdssc,
260 2427 455 2502 uporppnrcl
474 2429 531 2484 τῶν
554 2426 667 2490 ξενικῶν
717 2427 857 2497 Verbum,
881 2427 961 2505 quoti
986 2429 1016 2486 in
1041 2428 1187 2486 communi
1211 2441 1241 2486 et

139 2499 228 2574 idios·
249 2505 277 2561 oi
290 2503 318 2562 δὲ
329 2510 485 2574 Ἀθηναῖοι,
498 2507 668 2581 peponibu-
716 2505 817 2564 Attico
853 2526 985 2566 sermone
1020 2511 1177 2564 ΠΛΑΣΣΩ
1211 2518 1244 2564 et

139 2605 202 2660 χοι,
224 2585 312 2642 trist
334 2594 392 2653 τοῖς
416 2587 539 2660 τρόπεις,
568 2587 669 2661 φιλίας
716 2591 873 2644 ΠΛΑῚΤΩ
892 2585 1081 2654 scribebatur,
1101 2584 1183 2662 apud
1195 2583 1241 2642 di·

140 2665 255 2736 γνήσεοι
268 2665 402 2742 φύλακες.
442 2664 490 2728 ’Et
504 2659 556 2728 siv,
575 2665 669 2740 inquit
716 2683 816 2722 versos
842 2664 959 2722 Doricae
994 2664 1091 2740 stirpis
1118 2663 1242 2740 populos

141 2741 287 2802 Aristides
301 2744 339 2802 T.
354 2764 374 2802 1.
389 2764 418 2822 p.
431 2747 479 2801 98.
500 2742 587 2811 retu,
598 2746 668 2802 εἶλι-
717 2747 856 2811 nanzo,
878 2747 1048 2811 ΠΛΑΣΔΩ,
1070 2754 1101 2800 et
1118 2747 1240 2799 ΠΛΑΔ·

140 2832 222 2899 κρινῆ
244 2821 283 2891 δὲ,
298 2827 345 2880 καὶ
365 2825 504 2898 καθαρὰν,
529 2825 574 2878 καὶ
596 2823 668 2883 ritu·
716 2826 771 2879 ΔΩ
785 2821 892 2892 fiebat;
907 2833 994 2897 atque
1008 2821 1241 2880 aliasDorismus

141 2923 202 2971 ros,
221 2904 268 2958 tul
286 2901 475 2979 παράδειγμα
495 2902 592 2970 treione
619 2912 669 2970 τῆς
715 2902 851 2978 antiquus
865 2901 894 2959 in
910 2901 1004 2960 varios
1017 2900 1240 2971 abibatl'ormos

139 2981 311 3050 Ἑλληνικῆς
343 2983 458 3058 ὁμιλίας
488 2983 584 3058 φωνὴν
610 2983 669 3038 eir·
715 2981 844 3057 singulas
862 2980 982 3058 singulis
996 2980 1159 3038 civitatibus
1172 2998 1239 3058 pro·

141 3061 312 3132 nai-,tarro
333 3061 404 3120 odeo
420 3071 452 3118 nt
472 3059 586 3137 ingenio
602 3059 669 3118 solia
715 3062 794 3138 prias
816 3075 846 3118 et
867 3059 1043 3138 peculiarem
1069 3059 1141 3118 alius
1165 3061 1241 3118 enirn

141 3139 354 3200 Atlesierseiam
371 3140 457 3200 mtois
477 3140 575 3196 ciouro
596 3141 668 3197 exis·
715 3153 778 3198 erat
790 3159 885 3198 sermo
898 3139 1085 3218 Argivorum,
1100 3139 1174 3198 alius
1184 3139 1242 3198 La·

142 3229 240 3278 tunes
716 3219 969 3289 cedtsrnoniororn,
1003 3218 1077 3277 aliua
1112 3217 1244 3276 Rhodio—

182 3305 203 3332 “
219 3299 333 3356 Dorum
344 3313 506 3358 sennonem
517 3298 668 3374 antiquum
716 3317 790 3368 runi,
812 3299 886 3358 alius
907 3297 1096 3365 Cretensium,
1109 3293 1167 3354 tre.
1181 3294 1240 3356 &o

141 3397 174 3436 aa
196 3377 434 3448 semibarbarum,
451 3376 670 3436 aanedremo·
716 3397 811 3454 neque
827 3379 918 3456 ipsius
936 3375 1032 3435 Cretae
1048 3395 1106 3434 uns
1127 3376 1242 3434 radon·

142 3457 207 3528 niis,
229 3468 362 3515 vetorum
375 3476 489 3516 morum
502 3456 670 3514 modorum·
717 3477 774 3534 qus
792 3470 855 3515 erat
875 3456 1003 3514 onmium
1017 3454 1165 3514 civitatum
1180 3454 1242 3513 dia.

142 3555 200 3614 que
221 3536 417 3604 tenacissimis,
439 3548 585 3595 servatura
606 3555 670 3594 esse
717 3537 829 3601 lectus;
860 3548 890 3593 at
916 3534 1036 3592 aliarum
1063 3531 1136 3600 alise,
1165 3545 1198 3590 ut
1225 3552 1242 3592 e

142 3615 251 3685 cred03
281 3626 311 3673 et
338 3615 483 3694 specimen
506 3614 581 3694 ejus,
607 3633 670 3672 cor·
718 3614 842 3674 nummis
864 3613 958 3672 adhuc
979 3611 1144 3670 extantibus
1158 3612 1243 3689 piane

141 3709 263 3774 ruptum
289 3693 399 3754 scilicet
426 3715 460 3754 ac
489 3695 672 3762 mendosum,
718 3693 833 3770 liquet.”
875 3691 988 3769 Ktsigltt
1002 3709 1106 3748 axvnr.
1130 3689 1178 3750 De
1188 3691 1242 3750 rui-

142 3773 241 3834 aditur
264 3784 364 3833 extare
381 3774 411 3833 in
433 3774 550 3832 decreto
571 3787 673 3832 contra
718 3772 900 3848 grationibus
914 3770 1109 3840 Doriensinm,
1123 3771 1190 3830 vide
1204 3773 1241 3830 T.

143 3851 343 3914 Timotheum.
394 3854 504 3912 Dorica
533 3853 672 3910 dialectita
720 3851 762 3910 H.
783 3853 815 3910 in
831 3849 929 3909 Schol.
948 3850 986 3908 ad
1002 3849 1054 3907 Ar.
1073 3848 1149 3909 Plut.
1173 3856 1241 3911 385.

143 3950 161 3992 a
185 3933 298 4011 lyricis,
324 3933 449 4010 tragicis,
481 3945 511 3991 et
532 3929 671 3990 bucolicis
719 3951 769 4010 pp.
784 3932 952 3989 114-117.

142 4013 236 4090 poetis
264 4025 410 4089 usurpate,
432 4031 491 4070 non
512 4025 556 4070 eat
576 4029 671 4070 sermo
761 4009 896 4069 “Verum
904 4007 1168 4068 hoecdialeetorum
1177 4009 1244 4067 AEo-

142 4091 307 4168 gentilitias
331 4090 434 4169 populi
460 4090 598 4168 alicujus3
622 4088 675 4146 sed
720 4087 1042 4148 liomnsetlossicorum
1051 4087 1175 4148 affinitas
1186 4107 1250 4145 nom

142 4171 376 4250 linguainusum
386 4166 671 4248 poencumoonlieta,
721 4169 817 4246 potuit
838 4169 908 4245 quin
932 4167 1158 4234 confirmaretur,
1177 4185 1244 4224 curn

142 4261 231 4328 atque
245 4251 382 4329 partime
395 4249 484 4308 variis
494 4246 671 4316 archaismis,
721 4259 826 4384 postea
843 4247 925 4306 binas
947 4247 1078 4322 regiones
1102 4244 1244 4334 Asiaticas

143 4332 252 4407 partim
273 4350 312 4392 ex
333 4349 389 4388 usu
401 4328 515 4406 vulgari
532 4327 671 4390 recentio-
742 4325 1247 4404 uoillipoprdiineolebsntproxrme

144 4429 211 4468 rum
236 4409 354 4467 Dorum
379 4407 520 4475 conflata;
548 4424 671 4482 quorum
720 4425 738 4462 a
751 4425 783 4463 se
796 4405 866 4482 ipsis
876 4405 1024 4462 distantes.
1055 4401 1244 4462 lonerantesr
