3118 4948
670 429 746 503 309

154 619 265 705 ΥΔΗ,
288 625 406 718 prout
417 615 538 693 bodie
559 615 774 707 exhibetur,
799 619 962 717 primam
978 639 1127 720 semper
1144 620 1363 711 habebam,

153 719 414 815 producbml
463 717 526 793 At.
539 716 651 793 aliter
682 718 763 794 lleri
793 741 880 794 non·
893 721 1036 819 potuit,
1061 729 1264 840 uteunque·
1304 721 1350 774 Ν·

154 847 194 889 ιο
210 817 299 892 Tin
316 825 446 893 vetere
466 815 658 914 scripturo
676 823 794 894 ΥΛΡΗ
817 827 956 894 natura
977 822 1093 896 breve
1116 820 1234 896 fuont
1246 825 1370 908 Γ·

154 937 245 990 usm
273 921 390 991 ΥΛΡΗ
410 915 460 990 'in
488 916 652 1014 syllabas
689 916 745 991 ita
776 919 898 992 secari
931 941 1009 995 non
1039 927 1181 1020 potest,
1215 928 1264 995 ut

181 1014 323 1090 riorem
344 1017 502 1091 brevem
531 1013 693 1102 habeat;
726 1037 850 1115 neque
880 1017 1012 1116 igitur,
1045 1019 1150 1116 quod
1175 1017 1261 1116 ejus

216 1135 283 1188 um
298 1113 413 1190 hodie
428 1121 598 1230 oocupal
609 1121 718 1203 ΥΛΗ,
729 1115 898 1232 priorem
908 1117 1058 1234 uspiam
1070 1117 1265 1217 poeuuseo

153 1213 1010 1412 lllllblb5¹3nl¹llfnildradi?
1043 1217 1264 1392 illul

94 1425 103 1442 ·
154 1432 261 1486 cesse
277 1412 362 1501 erit,
389 1420 434 1488 ut
450 1413 631 1511 deinceps
647 1412 756 1512 prius
773 1420 805 1486 0
821 1414 948 1586 lonqae
974 1421 1102 1511 partes
1119 1415 1260 1510 ubique

154 1510 370 1586 sustineatl
419 1512 472 1587 At
487 1511 574 1609 quis
591 1519 720 1586 tamen
746 1512 883 1588 exinde
914 1511 1071 1610 egitime
1088 1513 1260 1588 intulerit

154 1609 327 1685 vocalem
342 1610 444 1686 illam
460 1619 597 1697 natura
612 1610 766 1709 longam
782 1611 888 1688 esse?
943 1613 1085 1688 Verum
1101 1611 1135 1688 si
1155 1612 1261 1686 nullo

155 1716 382 1805 argumento
409 1710 533 1786 evinci
557 1709 680 1882 {osuit
705 1709 875 1786 vocalem
900 1717 933 1781 ll
955 1709 996 1786 in
1020 1733 1116 1786 voce
1141 1715 1259 1784 Ynsll

155 1829 235 1884 nou
265 1807 382 1888 luisse
402 1819 541 1884 natura
579 1832 731 1907 ungam,
755 1809 847 1886 satis
871 1808 1007 1907 opinor
1025 1819 1086 1886 est
1109 1807 1262 1886 Horatii

154 1907 373 1996 auctoritas,
397 1933 465 1984 cur
493 1915 630 1983 natura
656 1910 812 1985 brevem
841 1906 971 1998 fuisse,
1001 1907 1174 2005 adeoque
1200 1930 1261 1984 ee·

153 2005 243 2080 dem
260 2006 372 2104 plane
388 2008 536 2084 ratione
553 2005 666 2104 oylooe
680 2008 722 2082 in
738 2007 865 2105 syllam,
888 2030 965 2106 qua
983 2005 1157 2083 evolvisse
1183 2007 1261 2081 *in
1276 2019 1344 2091 171

153 2105 341 2280 mlffie’
377 2116 417 2182 et
451 2105 683 2182 dissolvendo
722 2105 764 2182 in
806 2105 1041 2184 demuma
1078 2107 1261 2206 migrasse

154 2225 228 2282 con
265 2229 291 2280 u
319 2229 438 2284 amus.

206 2329 424 2406 anrnuus
451 2331 492 2409 in
516 2333 676 2408 metrice
705 2333 949 2410 consonantis
978 2329 1063 2408 Vsu
1093 2335 1260 2409 auctori-

154 2433 237 2503 tate
262 2429 503 2527 potissimum
528 2454 660 2507 sumus
698 2431 848 2506 versati.
915 2430 1116 2527 Reliquam
1146 2431 1262 2529 hujus

155 2525 347 2603 Sectionis
367 2539 516 2630 partem
540 2529 746 2628 analogicae
770 2528 944 2626 ejusdem
962 2527 1108 2616 virtuti,
1134 2527 1174 2602 in
1201 2552 1264 2605 su-

206 2627 371 2704 rioribus
394 2653 471 2706 non
487 2629 599 2728 plane
616 2630 782 2715 intactae,
808 2626 976 2703 uberiori
1003 2625 1264 2724 exemplorum

153 2649 306 2803 dilectu
333 2728 566 2805 illustrandae
591 2727 865 2826 impendemus.
918 2725 1009 2801 Noli
1038 2733 1166 2801 tamen
1192 2727 1262 2802 mi-

154 2827 232 2900 rari
261 2827 295 2902 si
322 2827 421 2903 sorte
449 2827 488 2901 in
517 2827 764 2924 sequentibus
789 2824 993 2924 potestatis
1018 2822 1153 2899 itidem
1176 2849 1264 2922 pro·

154 2924 341 3002 soediacae
375 2927 520 3002 mentio
551 2926 713 3003 subinde
751 2933 946 2999 recurrat:
993 2923 1128 3020 Neque
1161 2923 1264 3000 enim

154 3046 225 3196 red
246 3032 327 3102 tam
352 3026 474 3104 amice
503 3024 746 3123 conjurantes
774 3023 930 3123 penitus
960 3021 1177 3122 disjungere
1206 3021 1264 3099 fas

155 3122 322 3198 vietur.

208 3249 266 3320 lm
285 3255 327 3321 A.
346 3253 380 3323 ⁷.
407 3247 585 3347 Ατρειδης]
613 3247 846 3326 Germanum
868 3247 985 3348 hujus
1002 3247 1109 3324 verbi
1128 3271 1265 3325 sonum

156 3349 347 3444 Ατρειιιὸις
371 3350 584 3426 statuimus.
635 3349 859 3448 Analogiam
879 3359 1008 3424 autem
1030 3349 1087 3424 sic
1114 3347 1265 3444 concipi

157 3445 348 3523 volumus.
404 3448 519 3532 Quod
546 3448 661 3524 hodie
687 3455 1003 3546 representamus
1032 3454 1166 3544 Ατρευς,
1199 3467 1264 3520 ve·

156 3551 283 3621 terum
310 3547 449 3622 Ionum
481 3571 654 3624 sermone
684 3555 766 3622 emt
795 3555 946 3645 Ατρειις.
1011 3544 1161 3642 Nempe
1191 3543 1265 3618 ele·

155 3655 332 3721 mentum
347 3652 380 3717 Υ
397 3648 639 3723 consonantis
657 3645 744 3720 Vau
760 3653 839 3720 tam
855 3665 991 3719 sonum
1005 3665 1121 3742 quam
1136 3642 1265 3718 locum

156 3743 369 3820 innumeris
393 3745 434 3820 in
458 3747 587 3823 verbis
604 3745 686 3845 jam
711 3745 803 3820 olim
819 3741 1024 3841 occupavit
1036 3743 1083 3816 ¹¹⁸.
1134 3741 1265 3839 Hujus

157 3854 288 3920 autem
312 3869 336 3921 a
360 3845 533 3944 genitivo
571 3854 732 3946 Ατρειιοι
764 3867 842 3919 ιιοιι
870 3865 981 3918 secus
1013 3840 1100 3916 fluit
1137 3851 1265 3939 patro-

156 3943 353 4038 nymicum
384 3949 588 4045 Arpcwaduc,
624 3953 740 4042 atque
766 3944 816 4017 ab
846 3949 993 4041 Έκτορος
1017 3947 1058 4015 et
1085 3946 1262 4038 Νεστορος,

158 4043 340 4139 Εκτοριὸης
365 4051 406 4118 et
432 4047 638 4145 Neoropadoc.
703 4039 825 4118 Simili
852 4041 999 4117 ratione
1033 4061 1057 4116 a
1084 4038 1263 4137 genitivis

154 4147 323 4240 Aryewoc,
349 4143 553 4232 Wolvswoc,
579 4148 758 4230 Ilubewoc,
781 4143 950 4229 Todewoc,
967 4143 1144 4222 (budewoc,
1163 4136 1262 4210 deri·

155 4249 298 4318 vantur
323 4241 525 4343 Aeqewsdqc,
564 4243 796 4332 Wowtwrduc,
832 4241 1042 4327 Hodewech,
1068 4235 1265 4322 Tudewsdoc,

412 4479 415 4488 .
495 4443 563 4499 118.
585 4438 661 4500 Vide
675 4455 763 4516 supra
776 4436 852 4514 adp.
866 4439 936 4494 215·
