3102 4936
787 363 862 431 214

165 585 254 638 seen.
275 553 487 654 Lycorgsa
511 549 756 636 Art'stobulru,
780 551 987 630 Aretes-m
1023 567 1110 642 que
1138 567 1186 618 ex
1214 540 1371 616 AEolicis

192 653 235 699 ¹¹·
274 659 456 738 toruos,
496 658 576 742 rm,
619 655 791 734 numm,
842 655 966 735 narr,
1008 647 1210 734 omont
1248 646 1370 723 or123

161 755 562 838 '‘AYKOYProx,
586 753 952 834 ΑΡΙΣΤΟΒΟΥΛΟΣ,
976 747 1247 817 ΑΡΚΤΟΥΡΟΣ
1274 741 1370 812 flux-

275 875 364 926 ere:
399 851 539 946 quibus
575 850 714 923 addere
748 847 842 919 libet
871 847 999 944 ipsum
1027 866 1165 916 nomen
1194 839 1371 912 Latinum

285 949 405 1036 Velio,
426 949 532 1045 quod
547 971 572 1022 s
587 959 760 1022 veterum
771 946 992 1020 Graecorum
1007 948 1151 1018 ΡΕΛΟΣ
1169 939 1372 1013 formatum

276 1071 360 1124 esse
374 1049 458 1146 ipse
471 1049 584 1122 docet
599 1045 818 1142 Dionysius

327 1147 387 1220 Ex
413 1147 507 1222 locis
532 1145 614 1242 jam
643 1143 844 1241 descriptis
868 1143 962 1218 illud
991 1143 1031 1216 in
1060 1151 1277 1214 transcursu
1303 1137 1369 1209 ob-

276 1267 427 1320 servare
456 1255 525 1332 est,
561 1267 674 1342 quam
704 1245 844 1317 frustra
869 1243 946 1316 sint
975 1243 1017 1329 ii,
1042 1241 1109 1336 qui
1131 1237 1371 1312 AEolicumt=

276 1343 398 1418 eidem
426 1345 529 1442 apud
566 1343 721 1417 Latinos
760 1343 891 1438 figurae
923 1350 1114 1440 potestate
1152 1336 1286 1409 itidem
1313 1357 1370 1407 re·

275 1443 472 1540 spondisse
488 1445 735 1518 contendunt.
787 1441 873 1515 Uno
892 1443 1026 1536 utique
1050 1463 1116 1513 ore
1132 1433 1371 1510 consentiunt

276 1551 448 1616 auctores
473 1542 618 1616 laudati
644 1541 873 1615 elementum
899 1541 1003 1613 istud
1031 1538 1140 1612 alteri
1167 1535 1270 1632 apud
1299 1533 1369 1604 La-

275 1641 377 1714 tinos
407 1641 441 1710 V
486 1639 707 1715 consonanti
750 1639 867 1712 fuisse
907 1641 1120 1726 wotowpm
1163 1634 1236 1706 nisi
1269 1631 1370 1727 quod

275 1737 411 1812 doceat
428 1737 645 1835 Dionysius,
668 1739 772 1835 quod
796 1738 939 1812 nemini
967 1759 1135 1833 unquam
1162 1733 1225 1806 alii
1252 1733 1310 1803 ουδ
1338 1763 1371 1802 εν

275 1867 411 1934 eropon
444 1835 485 1908 iu
523 1845 688 1910 mentem
713 1835 831 1923 venit,
867 1839 1026 1911 eandem
1058 1835 1174 1909 fuisse
1200 1829 1369 1903 Graecif

275 1955 389 2028 quam
413 1934 565 2030 syllabas
594 1941 658 2009 ΟΥ
684 1944 924 2033 potestatem.
977 1935 1113 2032 Neque
1142 1931 1260 2028 igitur
1285 1951 1369 2002 cen-

275 2031 412 2106 sendus
429 2041 488 2106 est
505 2032 741 2107 Cicerocum
767 2058 902 2130 agrum
925 2034 1166 2109 Formianum
1183 2031 1370 2126 digamma

274 2153 387 2204 soum
423 2129 667 2230 appellaret³⁶
691 2134 740 2206 ad
765 2135 939 2209 Graecam
974 2135 1094 2208 literae
1118 2131 1207 2216 vim,
1241 2152 1265 2202 a
1294 2148 1368 2224 qua

274 2227 516 2304 inchoaretur
542 2253 618 2306 vox
641 2233 888 2320 Formianum
916 2233 983 2306 sed
1016 2233 1065 2306 ad
1094 2231 1252 2327 figuram
1277 2227 1369 2300 dun-

273 2337 393 2414 taxat,
429 2351 515 2425 quae
546 2331 679 2403 eadem
718 2341 818 2405 esset
858 2355 947 2404 cum
989 2332 1178 2428 digamma
1209 2325 1368 2410 AEolico,

272 2427 493 2525 respexisse.
562 2429 754 2502 Caeterum
786 2440 826 2504 et
867 2431 960 2504 illud
998 2428 1174 2504 monendi
1211 2424 1369 2500 veniunt

271 2526 441 2600 nonnulli
459 2527 715 2603 Romanorum
739 2530 785 2616 V,
813 2553 901 2603 cum
925 2553 996 2627 pro
1021 2534 1247 2604 consonante
1273 2523 1366 2598 scri-

271 2625 438 2712 beretur,
462 2651 537 2700 non
565 2627 646 2724 Jsm
671 2629 793 2703 eidem
826 2629 929 2726 apud
959 2649 1029 2702 nos
1062 2630 1258 2710 elemento,
1298 2622 1365 2695 sed

272 2724 380 2800 alteri
397 2725 461 2800 isti
480 2726 529 2799 W
547 2736 736 2824 potestate
753 2729 1018 2827 responderet

315 2879 333 2943 †
355 2873 432 2934 lose.
448 2872 533 2934 Cum.
553 2876 573 2936 l.
598 2881 627 2946 5,
641 2881 670 2934 6.
693 2882 797 2934 ΝΑΥΩ
846 2897 932 2953 quam
938 2860 1098 2954 funderem
1107 2873 1214 2934 reditus
1232 2869 1369 2947 intelligit

272 2949 309 3030 [s.
337 2958 461 3012 ΝΑΥΟΝ
493 2953 601 3032 Kosa]
625 2957 688 3013 vice
715 2958 795 3013 ναόν·
849 2957 994 3025 Granium
1040 2969 1193 3031 utrumque
1233 2949 1366 3018 maliem

270 3031 372 3090 Joann.
390 3032 545 3092 Grammot.
563 3032 583 3092 t'.
598 3038 667 3092 243.
688 3054 716 3091 a.
730 3034 796 3094 ποτὲ
847 3035 962 3094 Atticus
988 3036 1064 3094 euim
1089 3034 1144 3092 fuit
1167 3032 1255 3092 Diues
1276 3029 1366 3108 agris,

271 3109 301 3169 Bi
321 3109 502 3186 προστιθέασι
526 3117 565 3190 τῷ
588 3113 660 3170 ᾶτὸ
679 3121 704 3170 u·
725 3114 800 3171 ναὸν
845 3111 1031 3194 dioespbritr's
1043 3110 1315 3193 insertorcnumntt'r.

272 3191 370 3248 νανόν·
386 3191 440 3266 ἀὴρ
454 3192 536 3268 ἀνὴρ·
550 3191 608 3257 ἅυς
620 3192 709 3257 evoe.
729 3193 795 3252 Sal·
887 3199 935 3254 37.
957 3195 1101 3254 Nimirum
1115 3199 1138 3250 Υ
1157 3205 1187 3251 et
1209 3189 1236 3248 V
1253 3190 1366 3250 duabus

270 3289 340 3330 mor.
356 3267 450 3348 Epist.
465 3289 542 3330 scm.
580 3275 794 3330 .215.“Att-
843 3274 992 3333 vocalibus
1024 3273 1181 3351 interjectae
1208 3270 1363 3330 semi-eon·

270 3355 331 3418 λως
358 3349 466 3420 AEoles‚
510 3289 647 3425 ὰσὸέλιος
683 3350 794 3422 Cretes,
844 3373 923 3412 sonae
943 3355 1003 3412 rim
1031 3352 1176 3412 induendo
1195 3349 1365 3430 pronuncia-

265 3433 365 3498 ’Ἅλιος
379 3431 504 3492 Dores.”
737 3443 739 3454 “
844 3434 950 3492 tionem
976 3434 1146 3502 sublevant3
1176 3452 1251 3508 eg.
1286 3432 1365 3487 Eoos·

310 3515 361 3570 86.
383 3511 478 3589 Epist.
496 3511 533 3571 nd
559 3511 650 3572 Attic.
679 3531 722 3581 xl,
752 3511 792 3572 ix.
843 3515 1181 3590 Eisoybpuc·Ei1epys'rnc.
1196 3505 1363 3578 Euoe,&c.;

271 3609 356 3669 neque
386 3591 473 3650 solum
499 3592 608 3661 nm,
640 3591 794 3650 sedetiam
843 3595 1070 3672 quotiescunque
1092 3591 1258 3651 consonanti
1289 3608 1365 3666 pres·

272 3679 347 3729 tuum
373 3668 517 3748 digamma
539 3671 669 3730 uiderem.
720 3670 791 3730 For·
842 3685 996 3750 ponuntur,
1019 3673 1167 3750 proprium
1178 3669 1284 3729 vocalis
1300 3689 1365 3728 mu·

271 3762 347 3809 tssse
360 3747 399 3806 R.
413 3747 454 3806 D.
476 3749 513 3806 sd
530 3749 568 3808 R.
582 3751 679 3828 steph.
702 3749 791 3810 Thes.
840 3773 894 3810 nus
904 3751 1067 3812 conficiunt.
1087 3748 1281 3809 DeLatinoV
1292 3747 1366 3808 conf.

271 3827 336 3888 Lat.
361 3839 447 3888 oetste
474 3848 526 3885 sua
551 3828 686 3899 Londini,
717 3835 792 3890 1734
840 3831 870 3889 J.
888 3831 924 3890 G.
942 3831 1017 3890 Voss.
1026 3832 1062 3889 de
1074 3830 1258 3889 VitiisSerm.
1267 3829 1317 3886 lib.
1330 3847 1363 3897 11,

270 3907 363 3986 (1735
379 3907 433 3966 rub
446 3905 551 3978 calcem
565 3908 698 3978 dedicat.)
711 3927 792 3966 recu·
842 3916 1069 3988 pp.104-106.
1090 3909 1375 3968 Alrnstel.1695.—.

270 4007 336 4050 sum
361 3985 494 4063 respicit3
528 3987 557 4044 in
582 4007 609 4044 v.
638 3987 793 4064 Digommo
841 3989 930 4048 Juvat
944 4011 1031 4068 opere
1044 3989 1247 4068 progrediente
1259 3985 1367 4065 paulis·

270 4065 365 4128 seitim
402 4063 525 4124 enodare
560 4066 669 4142 pergit3
707 4065 792 4124 “Di·
841 4088 894 4145 per
927 4071 1080 4140 immorari,
1115 4081 1147 4127 ut
1182 4069 1212 4126 in
1238 4067 1365 4128 medium

289 4167 383 4208 amma
396 4163 480 4204 suum
494 4159 578 4203 vocat
586 4143 696 4213 Cicero,
707 4166 792 4206 suum
842 4147 930 4208 allata
950 4152 1005 4209 sub
1025 4149 1168 4227 judicium
1192 4166 1368 4206 revocarem.

286 4225 455 4288 ‘ormiscum
482 4243 594 4302 agrum,
618 4223 666 4301 qui
692 4225 792 4302 incipit
841 4225 917 4286 Mihi
945 4229 1039 4288 saltim
1065 4227 1191 4288 maxime
1216 4225 1366 4305 probabile

269 4307 307 4364 ab
331 4305 351 4365 F
373 4307 464 4375 litera,
488 4325 555 4383 quae
580 4302 722 4364 AEoiicum
747 4305 791 4364 di·
841 4305 875 4366 fit
898 4309 998 4378 exiis,
1020 4329 1087 4386 quae
1110 4326 1198 4384 supra
1225 4305 1367 4384 congessi,

269 4403 383 4462 gamma
396 4385 543 4445 vocatur.”
576 4384 676 4443 Potius
682 4384 789 4458 soccus,
840 4387 895 4447 hoc
915 4396 1067 4466 στοιχεῖον,
1089 4393 1107 4422 “
1121 4387 1204 4466 cujus
1226 4384 1370 4446 creberri-
