3102 4936
140 573 231 624 sacr.
248 549 359 626 litera
384 555 415 622 Υ
441 549 691 648 pretermissa
716 545 844 634 tuerit,
881 568 968 622 cum
1003 546 1088 620 luce
1117 545 1169 621 sit
1204 547 1344 625 clarius

163 637 211 685 η’·
251 671 335 722 eam
364 647 404 721 in
431 671 502 722 usu
528 656 642 744 atque
665 647 714 721 ad
741 667 896 720 manum
918 645 1085 718 coelatori
1102 656 1241 742 praesto
1258 656 1345 721 tum

140 741 378 830 “fuisse,
406 747 550 843 quippe
588 767 673 841 quas
700 744 741 816 in
779 745 862 841 ipso
891 748 1101 816 ΔΙΟΝΥΣΟ
1134 742 1346 818 habeatur?

250 844 421 918 Eandem
442 845 559 918 etiam
587 842 741 940 praefert
765 840 963 938 inscriptio
987 840 1099 936 Sigea
1125 842 1167 915 in
1184 844 1344 918 vocibus

250 939 873 1026 nPrTANE10N‚21rErEr21⁵¹.
925 939 1114 1021 Quorsum
1140 939 1259 1035 igitur
1288 942 1343 1014 ibi

248 1038 429 1134 leguntur
446 1046 690 1112 ΦΑΝΟΔΙΚΟ
706 1044 766 1111 ΤΟ
786 1043 1133 1110 ΗΕΡΜΟΚΡΑΤΟΣ
1152 1044 1213 1108 ΤΟ
1232 1044 1344 1111 ΠΡΟ-

250 1143 470 1223 ΚΟΝΕΣΙΟ,
490 1137 522 1210 si
544 1138 657 1234 plena
675 1136 835 1210 istorum
854 1137 1054 1208 verborum
1066 1143 1246 1232 potestas,
1264 1159 1343 1230 quo

247 1241 418 1331 tempore
450 1236 761 1320 describerentur,
801 1242 901 1307 esset
935 1238 1210 1305 ΦΑΝΟΔΙΚΟΥ
1248 1240 1343 1306 ΤΟΥ

248 1337 592 1405 ΗΕΡΜΟΚΡΑΤΟΥ
595 1340 623 1404 Σ
672 1334 745 1404 &a
821 1331 879 1404 De
911 1330 1057 1405 caeteris
1088 1332 1343 1406 monumentis

246 1428 349 1504 idem
367 1430 512 1505 dictum
528 1430 654 1529 putari
671 1430 855 1503 volumus.

298 1528 442 1602 Contra
476 1552 560 1604 eam
587 1551 690 1614 vero,
714 1549 828 1624 quam
859 1525 1103 1610 instituimus,
1143 1549 1342 1621 argumen-

246 1624 353 1698 tandi
377 1627 562 1702 rationem
583 1625 708 1700 afferri
734 1623 876 1721 poterit
898 1623 1154 1720 inscriptionis
1177 1624 1341 1697 Deliacae

246 1723 465 1811 auctoritas,
490 1725 557 1799 ubi
588 1731 739 1797 exarata
764 1723 950 1796 habentur
977 1729 1008 1793 Ο
1041 1727 1184 1794 ΑΡΥΤΟ
1210 1727 1337 1796 Areo,

246 1821 384 1917 Ecqua
425 1822 591 1895 aimirraa
632 1844 745 1896 causo
781 1820 988 1918 excogitari
1025 1829 1152 1918 potest
1183 1843 1249 1892 cur
1282 1830 1341 1894 ter

237 1919 494 2015 praetermissa
511 1920 640 2016 faerit
665 1919 775 1992 litera
811 1917 871 1991 vel
903 1923 935 1988 Υ
961 1918 1021 1991 vel
1051 1918 1152 2002 Vno,
1188 1941 1266 1990 crau
1293 1942 1344 1990 ec·

244 2015 327 2114 a'prao
348 2025 489 2091 ΑΡΥΤΟ
511 2019 591 2092 luce
611 2018 660 2090 cit
685 2016 822 2090 clarina
846 2017 885 2088 io
909 2041 976 2090 usa
993 2025 1103 2112 utque
1124 2015 1179 2088 ud
1200 2039 1341 2090 monum

161 2124 233 2197 12⁷
245 2116 268 2158 ¹*
276 2126 420 2212 prosto
443 2116 573 2210 faisse
591 2119 760 2213 figuram
792 2115 1036 2209 majusculam,
1069 2137 1142 2210 qua
1167 2113 1341 2212 designa·

243 2222 347 2286 retur
375 2215 548 2288 sociastis
566 2217 767 2312 potestus?
818 2213 942 2286 Causa
968 2233 1059 2286 vero
1088 2211 1178 2284 satis
1203 2211 1340 2286 idonea

242 2312 450 2408 excogitari
475 2322 614 2411 potest,
643 2335 710 2386 cnr
736 2319 870 2385 neutra
895 2311 1054 2384 istorum
1070 2311 1272 2386 verborum
1295 2311 1337 2385 in

242 2408 316 2483 fine
333 2411 596 2509 conspiciatur.
653 2411 872 2505 Eodemque
897 2409 1051 2506 negotio
1069 2408 1109 2480 id
1129 2408 1267 2506 ipsum.
1296 2409 1338 2483 in

243 2529 320 2603 quo
350 2511 563 2605 praestando
593 2509 655 2582 hic
682 2508 923 2607 potissimum
946 2528 1150 2594 versamur,
1176 2507 1335 2602 figuram

243 2606 389 2682 scilicet
412 2623 434 2681 Ρ
459 2608 694 2682 AEolensium
729 2605 845 2680 fuisse
873 2605 1077 2704 propriam,
1102 2613 1335 2678 momentum

243 2725 287 2777 ac
304 2705 383 2779 vim
398 2705 500 2780 haud
514 2707 638 2781 levem
653 2705 815 2802 accipiet
824 2705 861 2775 ⁵³.
914 2705 1115 2801 Inscriptio
1128 2702 1259 2798 utique
1275 2711 1334 2776 est

242 2801 407 2889 AEolica;
434 2805 536 2879 valet
561 2814 691 2879 autem
719 2809 861 2876 ΑΡΥΤΟ
885 2808 996 2875 Areo
1026 2825 1103 2876 non
1128 2799 1208 2897 jam
1235 2807 1336 2876 Arr-

242 2905 335 2973 ΤΟΥ
361 2907 514 2989 ΛΙΘΟΥ,
538 2926 608 2975 nec
624 2925 715 2976 vero
732 2907 898 2975 Arrror
922 2906 1066 2987 Aleos,
1095 2900 1162 2975 sed
1179 2901 1334 2974 tertium

241 2996 346 3070 istud
364 3006 502 3072 ΑΡΥΤΩ
521 3006 630 3074 ΛΙΘΩ
644 3001 680 3071 ⁵⁴.
733 3000 881 3096 Nempe
908 2998 1037 3075 AEoles
1059 2999 1099 3072 in
1128 2997 1202 3073 fine
1221 2999 1335 3072 Geni-

240 3095 416 3180 tivorum
448 3096 506 3170 uti
531 3107 570 3170 et
592 3098 694 3183 alias,
724 3105 754 3169 Ω
784 3120 853 3194 pro
874 3107 1095 3172 caeterorum
1113 3098 1333 3172 Graecorum

242 3207 324 3272 OW
356 3194 526 3290 posuisse
558 3197 747 3270 neminem
780 3194 893 3293 paulo
926 3195 1183 3270 humaniorem
1223 3197 1329 3270 latet.

242 3293 421 3368 Vocalem
448 3301 576 3368 autem
608 3302 638 3366 0
674 3295 777 3390 apud
802 3303 948 3368 veteres
974 3295 1138 3380 Graecos,
1175 3294 1332 3391 perinde

240 3400 354 3489 atque
386 3401 602 3468 constanter
630 3394 732 3490 apud
758 3393 926 3479 Latinos,
956 3401 1034 3467 tam
1063 3393 1187 3489 longae
1216 3416 1331 3490 quam

239 3491 366 3566 brevis
383 3489 507 3567 officio
528 3491 636 3588 fungi
654 3490 802 3566 solitam
818 3499 988 3579 testatur,
1016 3492 1115 3566 inter
1131 3491 1205 3564 alia
1229 3491 1332 3566 haud

239 3611 372 3688 pauca,
388 3590 583 3688 inscriptio
596 3591 719 3687 Sigea.
768 3590 827 3664 Ibi
842 3590 974 3686 utique
986 3614 1056 3689 pro
1070 3595 1202 3676 ΚΑΓΩ,
1220 3598 1331 3662 ΕΔΩ-

239 3694 312 3773 ΚΑ,
338 3695 513 3776 ΠΑΣΧΩ,
537 3696 794 3782 ΗΑΙΣΩΠΟΣ,
819 3699 971 3764 exarata
995 3689 1168 3763 videmus
1194 3696 1330 3774 ΚΑΓΟ,

240 3791 410 3872 ΕΔΟΚΑ,
429 3794 605 3875 ΠΑΣΧΟ,
620 3793 876 3861 ΗΑΙΣΟΠΟΣ.
929 3787 1041 3872 Quod
1055 3797 1183 3862 autem
1199 3787 1239 3862 in
1257 3789 1331 3861 De·

236 3885 334 3961 liaca
361 3884 503 3982 legitur
532 3891 630 3975 EMI,
654 3910 731 3961 non
755 3885 835 3982 jam
859 3892 976 3976 ΕΙΜΙ,
1000 3886 1058 3962 uti
1080 3888 1233 3965 voluere
1257 3886 1329 3960 viri

277 4112 326 4167 62.
357 4109 377 4140 “
399 4106 446 4167 vel
471 4107 549 4185 quod
574 4106 678 4166 rectius
704 4111 756 4166 ΣΙ-
804 4128 834 4186 p.
852 4105 926 4167 18⁹.
948 4111 987 4185 τᾷ
1003 4110 1032 4165 Ω
1050 4103 1180 4186 στοιχεῖς,
1200 4105 1331 4173 dnicae

236 4185 413 4246 marm?
451 4187 489 4248 R.
505 4186 547 4246 D.
572 4205 693 4266 superne
726 4207 757 4265 p·
806 4193 854 4247 ΟΥ
869 4187 1024 4266 διφθόγγου
1036 4195 1152 4266 χρῆται.

236 4271 305 4326 208.
846 4270 894 4326 64.
916 4263 986 4326 Vid.
1008 4266 1048 4325 a.
1063 4265 1105 4324 D.
1136 4263 1167 4324 in
1192 4259 1331 4342 Append.

275 4349 324 4405 5³.
346 4345 415 4406 vid.
442 4346 480 4407 R.
502 4344 542 4406 D.
561 4347 592 4406 in
619 4345 754 4428 Append.
805 4343 927 4424 p.19'.
