3102 4936
698 344 768 412 185

176 547 384 594 memorantur.
414 533 490 593 Vide
504 533 626 594 Bentleii
634 533 703 594 Dia-
753 547 807 606 ert,
838 554 928 614 quum
955 536 1102 606 scriberet,
1122 537 1201 616 vulgi
1217 555 1277 600 ‘unu
1298 553 1389 604 suun.

179 627 282 690 aertp.
295 620 363 672 399.
390 614 553 674 Atticorum
565 615 704 674 dialectua
753 615 905 684 excidisse,
914 615 954 674 ita
962 616 1047 694 plane
1058 630 1170 676 constat
1180 639 1275 696 gruum
1315 621 1357 668 lv.

179 691 265 750 etiam
280 694 384 771 triplex
398 694 511 754 dicitur.
527 693 617 754 Attici
628 697 705 754 enim
753 696 872 755 maticoa
892 709 1013 766 veteres,
1041 697 1090 773 qui
1113 709 1180 774 poet
1209 719 1388 759 aum—-

178 772 300 831 audiunt
339 773 459 842 Veteres,
490 775 592 843 Medii,
617 775 704 834 Ναυὶ.
753 775 896 844 vixerunt,
922 796 1022 834 eorum
1049 795 1115 834 cum
1142 778 1274 856 origines,

181 851 228 909 De
238 852 342 929 triplici
354 853 517 912 Atticorum
526 855 626 912 ordine
639 855 705 914 vide
752 868 814 912 tum
834 853 1066 932 significationes,
1087 873 1189 932 parum
1209 877 1275 934 per·

183 931 305 990 Salmas.
334 933 372 991 de
398 933 467 1010 ling.
508 933 625 992 Hellen.
656 954 705 1013 pp.
752 934 889 1012 aperiam
925 934 1029 1013 -Atque
1056 935 1122 993 hinc
1147 948 1191 995 tot
1213 938 1275 996 Ho-

182 1016 251 1081 437,
272 1017 341 1070 438.
383 1013 520 1071 Koenium
535 1014 572 1073 ad
596 1013 704 1093 Grego-
752 1033 826 1072 mero
845 1014 920 1081 ἅπαξ
942 1019 1087 1092 λεγομενα
1115 1016 1178 1092 [aut
1199 1029 1277 1076 certe

182 1090 260 1160 κίυοι,
282 1111 312 1169 p.
338 1097 406 1150 305.
447 1092 610 1152 Piereonum
625 1093 705 1152 Prae-
753 1099 879 1160 σπανίως
900 1092 1046 1171 είρημένα]
1069 1107 1111 1153 101
1128 1096 1275 1166 vocabula,

183 1169 289 1229 tatione
303 1171 340 1230 ad
354 1170 474 1240 Moerin,
495 1192 524 1249 p.
539 1178 588 1242 26,
610 1178 658 1232 27.
676 1187 705 1232 et
752 1193 818 1250 quoe
841 1173 879 1232 ad
901 1175 1043 1252 poeticam
1065 1173 1210 1233 licentiam
1231 1195 1277 1234 ne·

183 1263 243 1308 uot.
259 1269 287 1326 p.
301 1256 370 1308 405.
394 1251 507 1330 Τυρίαν.
531 1252 595 1311 lnd.
616 1252 704 1312 Attio.
754 1251 893 1322 feruntur,
914 1253 966 1311 aed
988 1273 1056 1330 quae
1074 1253 1171 1312 forsan
1188 1275 1205 1313 a
1227 1273 1277 1312 ve·

183 1329 220 1386 ad
247 1330 372 1406 Lysiam,
405 1346 434 1390 et
465 1333 628 1402 Bentleium,
656 1334 706 1391 ubi
755 1332 1277 1410 tuataterepetitat'uerint,atqueex-

183 1409 353 1486 supra-ln
388 1410 441 1468 hac
472 1431 541 1470 vero
570 1431 706 1489 progres-
754 1424 816 1468 tant
840 1411 966 1488 insignes
997 1411 1174 1486 antiquitatis
1209 1412 1276 1470 reli·

183 1488 272 1556 aione,
286 1490 356 1548 dum
370 1491 460 1549 multa
470 1492 587 1568 antiqua
600 1511 637 1550 ex
653 1511 707 1550 usu
754 1492 840 1566 quiae.
870 1493 957 1568 μεθίω
982 1489 1011 1548 δὲ
1045 1494 1096 1555 τὰς
1128 1491 1278 1567 ξυμπάσας

184 1569 351 1638 exciderint,
382 1570 473 1628 multa
501 1590 616 1648 quoque
639 1591 707 1630 cum
754 1570 818 1646 [τῆς
832 1569 973 1636 Ἑλλάδος
989 1567 1139 1643 γλίνσοας]
1159 1573 1219 1646 ῥεῖν
1237 1575 1278 1638 είς

184 1647 389 1706 recentioribus
402 1653 487 1708 mista
501 1665 706 1710 remanserunt.
754 1653 808 1718 τὴν
827 1659 878 1718 πῆς
894 1651 1019 1726 Ὀμήρου
1039 1652 1085 1705 καί
1098 1649 1178 1724 μάλα
1197 1672 1278 1720 ποιη-

185 1727 224 1785 Ε1
255 1729 296 1786 aic
321 1727 433 1788 AEolica
459 1729 599 1788 dialectus
619 1731 707 1790 habet
755 1739 831 1796 πιιῆς
853 1733 1044 1804 μισγαγκείας
1069 1727 1119 1804 [ll.
1136 1737 1171 1795 Δ,
1193 1727 1279 1806 tum]

184 1807 275 1865 inulta
298 1828 364 1866 cum
390 1809 489 1868 Ionica
509 1809 706 1880 communiter,
754 1807 907 1886 ὕποδοχήν.
949 1807 1032 1867 Plato
1051 1808 1081 1864 in
1105 1805 1226 1868 Philebo
1244 1808 1278 1868 T.

185 1899 217 1944 ut
231 1888 327 1946 Ionica
343 1908 409 1946 cum
418 1889 524 1948 Attica.
552 1890 599 1948 De
610 1890 708 1950 lonica
755 1905 787 1958 11,
803 1892 851 1945 62.
866 1889 906 1946 D.
917 1893 945 1946 8.

185 1967 244 2025 t'ere
268 1968 369 2026 eadem
391 1989 456 2026 curn
483 1982 578 2028 vetere
598 1968 709 2040 Attica,
797 1967 910 2026 Revera
928 1967 1076 2030 Homerus
1093 1968 1182 2026 veteri
1196 1967 1280 2027 Grae·

186 2047 252 2106 vide
267 2047 389 2106 Salmas.
403 2047 440 2106 de
453 2048 521 2125 ling.
544 2048 660 2107 Hellen.
679 2069 709 2127 p.
756 2047 916 2124 caelinguae
928 2048 1022 2106 fidelia
1035 2059 1141 2105 cuatoa.
1164 2047 1281 2108 Etenim

187 2132 255 2186 413.
280 2128 415 2186 Koenium
426 2147 475 2206 pp.
490 2132 539 2186 66.
552 2131 599 2186 68.
612 2143 667 2187 etc.
756 2145 823 2204 quae
861 2127 949 2204 vuulgo
984 2125 1196 2196 obsoleverunt,
1233 2127 1282 2187 illa

225 2206 291 2264 lam
310 2207 428 2266 demum
449 2208 579 2266 dialectis
599 2209 640 2266 aie
657 2209 713 2266 de-
756 2207 819 2282 ipaa
841 2206 1003 2277 affectabat,
1023 2223 1090 2283 quat
1111 2209 1282 2282 gravitatem

186 2285 290 2357 ductis,
299 2285 528 2346 lacileAEolicam
537 2307 603 2346 curn
612 2301 710 2346 vetere
756 2285 982 2364 dignitatemque
1018 2285 1139 2346 orationi
1176 2287 1283 2345 tribue·

188 2365 288 2424 Ionica
314 2379 401 2458 atque
426 2367 505 2425 illam
527 2387 594 2426 cum
614 2379 711 2426 vetere
757 2378 832 2424 rent.
875 2364 973 2425 Verba
994 2381 1102 2434 autem,
1122 2385 1189 2442 quac
1207 2367 1282 2423 anti·

190 2445 288 2503 Attica
302 2447 517 2525 conjungimua3
540 2467 593 2506 nec
607 2448 711 2505 mirum
758 2445 896 2520 quitatem
912 2445 1050 2512 redolent,
1071 2453 1099 2501 et
1119 2444 1282 2503 sanctiorem

189 2544 254 2583 esae
274 2525 385 2584 videtur
406 2528 434 2584 in
447 2527 552 2585 Atticis
565 2527 712 2603 scriptori·
759 2535 786 2581 et
797 2525 888 2602 magia
898 2523 1087 2582 admirabilem
1092 2522 1208 2598 foenerat
1215 2541 1281 2581 ora-

188 2605 244 2664 bua
259 2603 388 2683 Tragicia
409 2627 487 2685 saepe
503 2620 587 2665 extra
600 2605 712 2664 Choma
761 2603 877 2670 tionem
900 2623 992 2680 eoque
1017 2611 1176 2660 ornnrnento
1202 2621 1283 2660 acer-

188 2703 338 2744 occurrere
351 2686 491 2744 dictiones
505 2686 635 2756 AEolicat,
651 2686 713 2744 Do-
762 2681 826 2741 rimi
831 2681 934 2759 judicii
944 2683 981 2740 P.
1000 2680 1135 2759 Virgilian
1148 2682 1227 2740 unice
1240 2691 1283 2740 eat

189 2765 275 2834 ricae,
300 2765 421 2835 Ionicae,
449 2777 500 2825 aut
525 2766 594 2824 alias
614 2785 713 2824 rursu·
761 2781 826 2820 υοιιο
837 2784 846 2830 ,·
868 2781 953 2820 vocer
967 2761 1042 2818 enirn
1058 2761 1220 2820 veneranda
1232 2779 1283 2820 an-

209 2865 243 2902 ro
255 2845 362 2904 Atticis
371 2845 399 2903 in
410 2849 578 2915 Ελληνικοις
588 2845 715 2922 reperiri.
763 2841 901 2918 tiquitatia
912 2840 1041 2918 robigine
1049 2841 1151 2899 obsitae
1160 2842 1284 2898 sanctio-

188 2865 312 3001 fAthen.
347 2944 389 2994 nx,
417 2931 485 2983 402.
508 2926 543 2984 C.
570 2925 715 3001 Αἰσχύλος
763 2941 823 2980 rem
847 2921 955 2979 faciunt
969 2920 1136 2988 orationem,
1157 2933 1187 2978 et
1207 2921 1286 2998 apud

187 3003 343 3082 διατρίψας
382 3005 413 3062 έν
445 3010 559 3081 Σικελίᾳ
591 3009 716 3071 πολλαῖς
763 3000 901 3078 Tragicos
913 3001 1034 3060 Graecos
1047 3000 1185 3078 palluerat
1198 3009 1225 3058 et
1237 3020 1286 3058 αι·

188 3088 326 3162 κέχρηται
340 3089 448 3162 φωναῖς
457 3083 636 3162 Σικελικαῖς]
656 3132 661 3148 ,
761 3090 885 3160 pergunt
899 3081 986 3151 illam,
1007 3099 1072 3160 qttoe
1083 3080 1167 3137 etiam
1184 3081 1213 3137 itt
1222 3079 1287 3158 pio·

233 3165 367 3241 Denique
391 3164 464 3222 adeo
478 3163 627 3232 AEolioom,
655 3164 716 3223 aive
765 3163 836 3218 turia
866 3166 907 3220 cal
935 3161 1110 3240 gratissima,
1144 3160 1288 3218 oetuctntt't

187 3245 337 3312 Doricam,
357 3245 504 3320 antiquam
525 3245 613 3303 luisse
631 3243 716 3302 Grae-
764 3240 954 3298 inimitabilem
993 3241 1050 3298 arti
1089 3239 1289 3297 auctoritatate.

187 3326 245 3383 ciae
281 3323 446 3393 dialectum,
483 3336 514 3383 et
547 3337 717 3382 caeterarum
765 3317 871 3400 [Βίας.
886 3320 982 3378 Lcert.
1007 3319 1036 3376 in
1057 3317 1166 3404 Zenon.
1188 3337 1239 3376 vu.
1259 3337 1289 3453 p.

188 3404 380 3464 dialectorurn
401 3405 560 3482 principem
580 3421 614 3461 ac
635 3403 717 3480 quasi
769 3405 836 3458 168.
878 3399 973 3456 lond.
1003 3400 1091 3454 1664.
1134 3397 1236 3475 ἔφασκε
1276 3394 1289 3453 l

186 3497 323 3553 matrem,
337 3497 506 3553 statuamus,
520 3503 605 3561 quam
615 3482 717 3560 loque·
768 3478 895 3555 [Ζήνων]
916 3475 981 3542 τούς
995 3473 1048 3554 μέν
1063 3485 1118 3534 τῶν
1133 3480 1290 3535 ἀσολοίκων

187 3568 300 3624 bantur
313 3583 370 3622 non
380 3583 437 3622 una
450 3584 530 3641 gena,
545 3564 597 3622 aed
610 3563 719 3639 antiqui
767 3562 882 3634 λόγους,
898 3560 945 3613 καί
957 3557 1189 3634 ἀπηρτισμένους,
1212 3557 1290 3635 ὁμαί-

186 3645 320 3705 ιιιιὶιακεὶ
329 3643 436 3714 Graeci,
447 3643 523 3703 unde
533 3655 658 3712 craterae,
670 3663 720 3700 va·
767 3662 816 3704 ους
830 3633 904 3696 εἶναι
917 3645 967 3696 τῶι
982 3635 1121 3714 ἁργυρίωι
1134 3647 1182 3696 νῶι
1195 3635 1291 3702 Ἀλεξ-
1371 3641 1381 3650 ’

186 3726 241 3786 ιὶἰιι
264 3736 384 3782 mutata
405 3723 507 3793 causis,
528 3722 720 3782 defluxerunt.
768 3716 911 3793 ιινδρινῦι·
942 3717 1136 3796 εὐοφθάλμους
1165 3714 1218 3796 μέν
1246 3717 1292 3773 καί

188 3804 379 3864 Veneraudae
420 3803 503 3861 iatius
543 3801 721 3880 antiquitatis
769 3799 1058 3877 περιγεγραμμένους,
1085 3799 1158 3856 καθὰ
1187 3797 1233 3854 καί
1260 3793 1292 3853 rtl

186 3885 286 3945 multa
298 3894 366 3942 aunt
379 3882 501 3962 vestigia
513 3885 541 3942 in
556 3875 720 3942 recentiori·
772 3881 907 3955 νόμισμα,
921 3875 1003 3936 οίνδέν
1017 3873 1046 3936 δέ
1060 3874 1106 3935 διὰ
1120 3884 1209 3937 ταῦτα
1222 3873 1293 3950 βιλ·

188 3968 248 4024 bita
281 3963 369 4021 etiam
399 3963 604 4040 scriptoribus:
638 3959 722 4038 plura
770 3963 876 4022 πίονας·
896 3955 962 4022 τοὺς
986 3955 1200 4016 δέπαέννκινπέον
1217 3957 1293 4031 lapu-

186 4041 721 4120 varocuique,utpareat,quoaitan·
768 4042 851 4115 μοίου
879 4045 938 4102 τοῖς
958 4041 1094 4101 Ἀττικοῖς
1122 4031 1295 4111 πεπραίροχ·

189 4125 314 4202 tiquior.
356 4121 453 4186 Quam
473 4121 596 4197 plurima
614 4129 681 4178 aunt
694 4119 723 4176 iu
769 4123 844 4194 μοῖς,
873 4120 933 4183 etan
955 4113 1009 4192 μὲν
1031 4117 1229 4191 κεκομμένους,
1250 4112 1296 4170 καὶ

188 4205 331 4264 Homero
345 4201 405 4258 fere
424 4199 571 4276 pnimaevae
587 4196 722 4273 simplici·
771 4199 917 4264 σολοίκως,
946 4196 1091 4251 καθέλκειν
1109 4192 1204 4270 μέντοι
1225 4192 1296 4249 κολ-

191 4283 265 4345 ratis
281 4279 432 4348 vocabula,
442 4297 518 4358 quar,
528 4293 562 4338 ut
574 4275 723 4356 probabile
772 4276 853 4340 λέκος
896 4279 947 4340 τὰς
996 4272 1297 4349 κεκαλλιγραφημένας

821 4353 886 4424 ab
