3080 4942
693 411 770 482 5⁷⁹

170 607 363 684 oaeterum
385 605 442 680 01.
464 605 653 684 Kueteruo
673 607 723 682 cd
739 606 866 684 locum
892 615 916 650 ‘⁴
932 603 1103 692 Mettum
1118 607 1276 706 (inquit)
1295 609 1392 726 ngse

170 719 194 751 “
207 707 406 783 manifeste
419 703 631 783 claudicat:
650 707 715 782 cui
728 708 822 784 vitio
835 707 989 806 egregie
1002 710 1178 784 medetur
1192 710 1276 784 MS.
1293 709 1399 810 ...g

173 820 197 851 “
214 809 339 885 Vatic.
368 809 416 882 U.
447 809 515 906 qui
542 809 597 883 sic
614 808 740 896 habet,
768 811 872 882 ΗΔΗ
898 815 977 884 ΚΑΙ
1005 816 1099 883 ΝΥΝ
1126 815 1278 883 ΜΟΛΙΣ
1367 876 1370 884 .

169 919 192 954 “
209 917 340 983 ΑΘΡΩ.
394 907 536 984 Textui
562 909 766 984 lectionem
793 909 890 984 huuc
916 910 1181 999 restituissom,
1204 909 1278 985 uisi
1367 909 1372 922 '

171 1020 195 1053 “
213 1010 375 1086 Collatio
403 1009 505 1084 illius
524 1010 606 1084 MS.
625 1011 741 1108 poulo
758 1011 879 1086 serius
895 1012 945 1088 ud
961 1036 1023 1086 mc
1039 1011 1156 1086 missu
1182 1011 1277 1086 suis-

170 1122 194 1153 “
211 1109 303 1186 set.’'
366 1109 535 1208 Egregia
564 1134 659 1186 vero
687 1111 885 1197 medicina,
919 1136 1004 1208 quae
1033 1137 1082 1186 eu
1113 1111 1279 1211 simplici

169 1211 302 1287 morbo
333 1210 526 1309 duplicem
553 1211 691 1286 effecit.
746 1213 791 1287 In
817 1225 972 1311 recepta
990 1214 1134 1312 utique
1162 1213 1280 1310 scrip-

170 1321 259 1386 tura
288 1319 453 1386 metrum
480 1311 591 1387 unice
620 1312 787 1400 laborat3
815 1313 855 1386 in
882 1314 951 1389 hac
977 1324 1017 1388 et
1044 1318 1220 1401 metrum,
1239 1320 1280 1387 et

170 1412 315 1487 oratio:
340 1424 514 1500 metrum,
536 1413 640 1511 quod
670 1417 760 1510 οθρω
777 1413 942 1512 priorem
959 1413 1000 1488 iu
1023 1415 1284 1488 1111101110ΙΙ

171 1513 272 1588 mico
289 1512 715 1612 necessariocorripiot:
734 1514 865 1600 oratio,
887 1515 991 1612 quod
1002 1516 1161 1592 verbum
1175 1513 1282 1614 istud

172 1611 220 1688 de
246 1612 410 1710 simplici
436 1616 516 1688 oisc
541 1639 735 1712 nunquam
761 1615 1000 1701 adhibeatur,
1033 1615 1099 1690 sed
1130 1613 1279 1703 iotcoeri,

171 1714 419 1802 considerare,
437 1715 648 1790 examinare
660 1717 711 1802 ³⁰³,
728 1715 789 1790 vel
806 1715 927 1790 similo
940 1715 1105 1792 denotet.
1157 1711 1282 1798 Immo

171 1815 329 1888 tertium
359 1823 429 1903 est,
461 1815 564 1914 quod
593 1815 635 1889 iu
665 1816 821 1914 egregia
845 1817 920 1890 istu
947 1816 1113 1891 lectione
1142 1816 1281 1890 merito

171 1913 459 2013 improbaverim
500 1917 603 2014 quod
632 1916 808 1991 voculam
835 1949 889 1990 και
919 1917 1094 1990 similiter
1117 1917 1282 1991 otiosam

170 2016 317 2092 nonsit
339 2017 515 2114 reperire.
568 2013 702 2092 Lectio
719 2016 812 2102 haec,
841 2017 900 2092 uti
926 2029 965 2094 et
983 2017 1172 2116 plcraeque
1198 2017 1281 2092 eliae

170 2116 211 2190 iu
229 2117 313 2191 MS.
329 2117 453 2192 Vatic.
474 2117 520 2192 U.
537 2116 735 2214 evulgatis
753 2119 1036 2207 discedentes,u
1055 2128 1283 2206 correctore,

170 2241 293 2314 eoque
310 2240 494 2316 perquam
512 2219 701 2316 imperito,
730 2219 903 2318 proiecta
921 2228 991 2293 est.
1279 2233 1282 2240 “

222 2317 447 2416 Analogiom
463 2329 604 2404 autem,
629 2319 788 2393 utillud
807 2313 930 2394 obite'r
947 2329 1136 2408 nominoe,
1163 2341 1282 2418 quam

172 2415 273 2493 inter
302 2421 413 2517 ὡροκα
451 2430 491 2493 et
519 2419 628 2517 ἑοροο
670 2419 812 2494 servari
845 2420 1032 2508 videmus,
1070 2430 1283 2518 sequuntur

171 2517 287 2693 {tium
304 2519 379 2594 istc
395 2523 509 2604 ἡλωκο
527 2533 567 2594 et
582 2519 688 2594 ὲᾱλωο
702 2520 751 2592 ⁸⁰⁶.
800 2519 941 2595 Prioris
954 2520 1128 2618 exempla
1140 2515 1181 2596 in
1198 2517 1282 2596 istis

199 2620 385 2694 ebeutur:

172 2872 330 2950 temloqui.
373 2868 702 2936 Eloodocautemeetee
751 2868 1175 2948 E.2.'Atpetdi⁴2repmomir‚
1188 2871 1284 2948 ptem

172 2953 277 3013 theatri
289 2971 367 3032 puro,
382 2968 440 3030 qut
454 2950 571 3012 Chorus
587 2971 702 3012 ocenum
751 2955 810 3012 νῦν
823 2955 958 3031 ἀμυήτων
971 2949 1105 3032 ε’πακοῦῃ.
1364 3007 1374 3022 ‚

172 3033 271 3092 intrat.
312 3032 388 3092 Vide
402 3032 460 3091 Av.
475 3039 544 3095 297.
560 3045 590 3092 et
603 3031 700 3092 Schol.
794 3037 861 3092 808.
876 3033 953 3092 Lex.
975 3031 1064 3110 Suup.
1085 3053 1114 3112 p.
1131 3030 1283 3092 8493210-

172 3113 254 3194 Ergo
275 3113 418 3183 Socrates,
440 3113 607 3194 Strepeiade
630 3133 702 3192 que·
751 3133 812 3191 ρἐιε
829 3111 892 3192 ὅρα,
905 3111 1008 3188 βλέπε.
1036 3113 1149 3173 Iterum
1166 3131 1197 3190 p.
1212 3117 1282 3172 850.

171 3211 252 3254 rente
275 3215 307 3254 ee
322 3193 423 3254 Nubes
444 3215 502 3255 uon
524 3195 633 3266 videre,
654 3213 701 3253 re·
751 3197 881 3273 Ἀθρεῑνι
902 3195 934 3253 rd
950 3202 1131 3274 περισκοπεῖν
1145 3195 1192 3251 καὶ
1211 3195 1284 3270 μετὰ

172 3276 306 3356 spondet,
357 3275 445 3335 Nunc
467 3276 585 3336 *taudem
616 3293 701 3356 quam
751 3276 905 3343 ἔπιτάσεως
927 3275 1010 3353 ὃρᾷν.
1039 3273 1284 3352 παραδειγμάτων

172 3357 291 3417 maclou
313 3355 445 3418 contende
467 3367 495 3416 el
518 3358 558 3417 ad
586 3353 703 3417 Theolrl
753 3356 783 3416 δὲ
810 3357 904 3416 πάντα
928 3357 1028 3434 μεστά.
1084 3354 1177 3433 Soph·
1210 3352 1283 3412 OEd·

172 3438 313 3498 introitum
331 3447 448 3518 specta:
470 3459 541 3498 nuuc
554 3440 626 3498 enim
638 3451 702 3499 ean·
753 3437 819 3497 Col.
835 3441 905 3494 252.
926 3440 969 3496 Οὐ
981 3439 1038 3512 γὰρ
1050 3435 1123 3500 idone
1137 3435 1284 3510 ἂνάθρόν

172 3519 295 3578 demeat
308 3519 393 3577 uidet.
435 3518 515 3577 Meu
537 3523 638 3596 ἀθρεῖν
658 3519 704 3578 di·
752 3515 997 3593 liparim—Cous.
1013 3515 1060 3574 El.
1078 3519 1145 3586 690,
1161 3519 1189 3576 7.
1210 3513 1282 3574 Eur.

173 3599 249 3656 citur
272 3613 305 3656 ut
325 3599 394 3676 μάλ’
414 3597 550 3675 ἀποοδᾷν
571 3613 602 3658 et
621 3600 704 3676 μάλα
753 3597 860 3657 Bacch.
875 3601 962 3655 1058.
984 3594 1083 3654 ocum
1097 3595 1284 3674 doporltf.

173 3675 450 3738 1111111111371.
464 3683 533 3736 888.
569 3679 705 3756 Denique
755 3677 868 3755 Opuec.
878 3695 909 3755 p.
919 3681 989 3736 234.
1001 3675 1083 3736 Med.
1091 3681 1160 3737 582.
1170 3679 1285 3746 “deico-

172 3759 245 3837 πρὸς
271 3762 324 3830 τὴν
355 3756 467 3816 εἴσοδον
491 3771 625 3818 accurate
658 3780 704 3818 re·
753 3781 806 3836 μοι
826 3757 988 3834 significare
1003 3757 1128 3818 debebat
1138 3757 1283 3836 judicabo.

173 3842 298 3920 apondet
329 3838 426 3898 verbis
461 3839 704 3918 praecedeutibus,
755 3839 824 3897 Non
845 3837 952 3898 invitus
973 3838 1101 3916 legerem
1119 3837 1180 3898 οὔτ’
1194 3839 1284 3914 ἅθρή·

173 3922 306 3999 πρὸςννὶν
317 3921 467 3994 Πάρνηθα.
489 3919 704 4000 Eduobueop·
755 3917 1285 3999 copoosimihiexernplumhujuefu·

174 4003 255 4063 timue
273 4015 351 4062 notoe
371 4000 462 4060 MSS.
484 4019 563 4060 eme
581 4001 704 4074 collatis,
755 3998 1023 4061 turiiouotuisset.”
1037 4001 1123 4060 ILP.
1144 4001 1285 4078 Saepeuo·

174 4083 245 4161 πρὸς
266 4083 404 4161 adoptavi
428 4101 482 4162 pro
505 4083 594 4160 παρὰ,
617 4103 705 4161 quam
754 4101 836 4142 mero
849 4083 906 4142 hoc
919 4083 1009 4144 verbo
1024 4083 1114 4141 utitur
1128 4081 1223 4140 Pluto.

174 4164 343 4222 varietatem
364 4164 476 4224 enullo
496 4164 596 4224 codice
610 4165 706 4224 adhuc
797 4169 866 4223 804.
888 4163 975 4223 Ηοοο
997 4162 1124 4222 Dawecii
1147 4161 1286 4221 observe-
1347 4197 1352 4206 ·

174 4257 320 4303 enototem
342 4263 405 4304 esse
419 4245 551 4324 prolecto
568 4245 705 4306 mirum.’'
755 4241 865 4304 tionem
889 4245 1070 4304 verissimam
1094 4251 1179 4322 putat
1192 4240 1286 4300 Piero.

174 4321 340 4384 Pousouos.
363 4323 461 4384 Puer.
480 4325 534 4396 liii,
559 4325 703 4397 iv.==lvii,
754 4325 791 4384 ad
804 4325 896 4384 Moer.
908 4345 939 4404 p.
954 4329 1022 4386 178.
1044 4323 1116 4382 Eur.
1130 4322 1185 4382 Ph.
1199 4326 1286 4384 1647.

173 4405 607 4567 11111111·
633 4411 703 4548 11·
981 4404 1090 4565 11

215 4529 222 4544 .
270 4530 279 4548 .
545 4526 554 4560 ,
597 4529 605 4547 .
693 4527 701 4546 .
816 4531 846 4554 .,

821 4599 931 4667 teu
