3032 4958
647 427 724 503 ‘xiii

113 651 204 702 uero
237 629 343 702 sutis
364 629 600 726 festinanter
633 655 678 702 oe
704 637 838 702 temere
867 628 933 702 troc
950 629 1046 724 fieri
1070 628 1225 704 uidetur.
1240 647 1335 703 tect.

121 753 276 852 Quippe
299 752 360 828 ud
385 753 640 852 antisopdirtae
655 754 886 854 prouinciam
909 753 1157 828 enonundnm
1172 755 1337 830 nit·-

122 878 328 978 quidqnum
358 879 576 978 requiritur,
604 881 678 955 nisi
702 879 804 979 qnod
826 877 1050 954 entendotori
1064 878 1225 977 perinde

124 1005 175 1078 rit
189 1005 456 1079 necessarium.
493 1006 647 1105 Atque
658 1006 697 1080 in
713 1005 821 1101 liujus
835 1029 981 1078 munere
991 1005 1223 1105 proeemnnm

120 1139 272 1228 portem
295 1130 533 1217 constituunt,
558 1130 617 1204 iiii
641 1131 720 1204 sine
743 1129 963 1204 incommodo
979 1129 1223 1228 deessepote-

123 1263 221 1327 runt.
280 1253 389 1340 Quid
406 1255 532 1328 enirn?
566 1253 684 1328 Unam
699 1255 859 1331 locorum
875 1255 1028 1330 classen
1043 1255 1223 1330 aduersus

120 1403 340 1477 gemiturum
357 1377 529 1478 loquendi
545 1403 706 1454 normam
715 1381 904 1465 :alterum
923 1381 1100 1456 aduersus
1115 1381 1221 1456 indu·

121 1501 252 1577 ditatur
286 1503 455 1578 historice
474 1503 593 1600 fidem
628 1529 791 1603 peccare
802 1533 818 1590 ,·
855 1505 1004 1580 tertiam
1035 1515 1220 1580 unctorum

119 1655 225 1702 muru
241 1638 345 1703 reete
357 1628 607 1703 ratiocinandi
622 1629 828 1728 inperitum
837 1653 1025 1728 urguere;
1049 1637 1220 1728 quartum

119 1753 293 1852 denique,
308 1752 345 1827 si
366 1753 404 1827 in
413 1753 696 1852 prendo-poete
712 1753 867 1853 scriptis
882 1753 1053 1839 verseris,
1072 1751 1218 1852 legibus

112 1877 378 1976 prosoedineis
410 1877 605 1952 adversari
644 1888 754 1953 entra
769 1943 771 1948 .
787 1903 922 1952 omnent
954 1876 1217 1952 controversie

116 2005 238 2080 αΙεαηι
259 2004 435 2105 posuisti.
487 2005 631 2104 Euge!
655 2004 925 2104 Antisoplnistoe
954 2025 1095 2077 ntttrtns¹
1114 2001 1217 2076 brute

20 2241 24 2250 ·
116 2208 277 2268 certatione
303 2205 462 2268 immortali
483 2205 520 2266 de
543 2205 650 2268 Phala·
681 2205 952 2278 accommodemus3
975 2203 1102 2264 “Omne
1121 2205 1215 2265 critici

114 2312 185 2384 ride,
199 2333 232 2392 p.
246 2318 264 2372 9
278 2341 317 2372 =
328 2333 358 2392 p.
371 2317 401 2372 4.
417 2312 541 2392 lennep.
584 2311 649 2372 Etsi
680 2312 808 2372 officium
832 2313 925 2370 tribus
945 2309 1213 2390 partibus‘absolvi

117 2417 248 2477 fortunas
262 2437 341 2488 suas,
351 2417 402 2496 qui
415 2417 480 2477 loca
490 2419 664 2498 depravate.
680 2429 802 2487 constet,
816 2416 864 2476 vel
878 2417 1009 2476 obscuris
1024 2414 1211 2488 illustrandis,

118 2535 176 2582 tam
209 2522 293 2582 nullo
320 2523 468 2584 molimine
499 2524 647 2602 expediat,
679 2523 725 2582 vel
748 2520 927 2600 corrigendis
953 2522 1060 2600 prauis,
1083 2520 1130 2580 vel
1152 2521 1211 2580 sin·

118 2627 222 2686 merito
242 2648 279 2687 ac
295 2627 364 2707 jure
386 2627 503 2700 laridum
527 2629 648 2706 quicun·
681 2626 756 2685 ceris
775 2627 812 2686 ab
827 2625 995 2685 adulterinis
1016 2625 1209 2686 secemendis.

117 2752 174 2810 que
186 2746 285 2792 tamen
294 2733 432 2792 censendi
440 2732 649 2812 judicandique
681 2728 825 2789 Ultimum
834 2749 939 2789 munus
948 2727 1209 2802 utnobilissimum,

117 2857 221 2896 munus
242 2838 284 2898 ita
318 2835 451 2906 sustinet,
485 2851 518 2896 ut
539 2857 647 2896 verae
677 2833 719 2892 ita
742 2833 946 2892 difficillimum
970 2853 1084 2912 semper
1109 2833 1209 2893 existi-

120 2941 200 3000 inlsis
222 2957 250 3002 et
276 2940 470 3021 supposititiis
494 2941 647 3011 discernat,
676 2949 858 3008 matumest3
881 2937 1208 3018 quonemofungicum
1227 2957 1234 2965 '¹

118 3047 233 3106 fraudes
246 3047 308 3106 suis
320 3045 452 3126 vestigiis
466 3044 604 3105 odoretur
618 3061 649 3104 et
675 3042 773 3123 aliqua
792 3042 879 3103 leude
901 3043 1002 3122 possit,
1022 3044 1079 3103 nisi
1100 3045 1206 3104 acerri-

116 3151 302 3222 demonstret,
322 3151 406 3210 illum
420 3154 530 3218 πολλῆς
544 3155 646 3227 πείρας
675 3169 762 3219 mam,
782 3168 869 3225 quam
888 3167 906 3206 a
925 3162 1027 3208 natura
1041 3160 1145 3208 nactus
1158 3150 1205 3223 sit,
1230 3191 1231 3196 κ

116 3261 279 3316 τελευταῖον
306 3255 488 3332 ἐπιγέννημα
514 3253 647 3331 attigisse
671 3250 822 3330 judicandi
842 3253 1006 3313 facultatem
1018 3253 1139 3313 'assidua
1154 3274 1206 3314 ve·

114 3361 274 3442 praedicant
297 3358 422 3430 eruditi;
445 3359 544 3436 etqui
566 3356 646 3417 illam
677 3370 770 3416 terum
795 3357 960 3417 Arctorum
986 3356 1112 3417 lectione
1135 3360 1205 3417 sub-

115 3463 264 3527 Bnrtrcsrt
284 3464 448 3544 α’γχινοίαν
468 3461 522 3522 hac
545 3462 575 3521 iu
594 3482 648 3540 pa·
674 3461 795 3542 egerit.”
814 3462 875 3542 Ep.
895 3463 947 3521 Cr.
967 3482 988 3533 1,
1010 3481 1040 3540 p.
1059 3468 1089 3521 4.
1111 3461 1205 3524 Recte

114 3571 210 3632 lustra
235 3571 342 3630 imitari
369 3567 502 3629 certatim
526 3580 646 3627 conten·
674 3587 792 3646 quoque
815 3565 1003 3637 Schraderus,
1023 3587 1111 3646 quem
1140 3567 1205 3628 haec

114 3675 191 3746 dunt,
202 3695 307 3734 omnes
317 3672 440 3732 eandem
451 3671 565 3750 assequi
577 3671 646 3732 des·
672 3673 736 3752 ipsa
748 3693 795 3732 ars
810 3672 983 3744 nobilitavit,
1001 3673 1125 3732 eandem
1137 3671 1203 3733 Cri·

113 3797 220 3860 pernnt.
248 3779 350 3838 Verba
362 3791 470 3848 autem,
485 3776 592 3855 quibus
605 3777 643 3836 ad
672 3777 744 3837 tices
758 3790 871 3857 partem
885 3796 972 3836 unam
989 3797 1053 3837 esse
1073 3779 1203 3838 omnium

113 3883 282 3947 deterendus
300 3883 406 3941 summi
426 3879 527 3940 Critici
540 3882 643 3941 laudes
671 3881 870 3942 difficillimam
877 3881 1201 3961 pronunciavit.“Na'm

112 3993 235 4052 abutitur
253 3987 415 4057 Donesius,
440 3986 589 4046 acerrimae
611 3988 641 4046 in
669 4007 736 4046 cum
751 3999 814 4046 tota
827 3997 940 4046 constet
950 4006 987 4046 ex
998 3987 1085 4046 variis
1096 3987 1201 4048 studiis

115 4095 311 4158 Aristarchum
335 4105 467 4152 nostrum
492 4104 522 4151 et
546 4092 641 4152 inimi·
668 4091 832 4160 etartibus,
846 4089 995 4167 inquibus
1010 4091 1130 4170 singulis
1145 4111 1199 4151 ex·

114 4203 176 4261 titiis
209 4201 341 4260 incensae
374 4197 551 4257 contentioni
574 4197 642 4277 jure
668 4194 773 4254 cellere
794 4193 914 4254 difficile
936 4207 992 4265 est,-
1005 4208 1068 4255 tum
1091 4197 1119 4253 in
1143 4195 1198 4254 hac
1235 4205 1239 4216 “

114 4309 286 4376 tribuamus;
320 4315 353 4362 et
385 4299 560 4373 domicenio,
589 4303 639 4380 qui
666 4299 829 4378 praesertim
844 4299 996 4377 sagacitas,
1019 4311 1048 4358 et
1061 4298 1196 4377 quosdam

114 4413 270 4474 'tnGrseciae
289 4407 432 4485 Latiique
445 4407 640 4466 monumentis
667 4404 816 4476 divinatio,
823 4424 876 4464 nec
886 4403 1039 4463 mediocris
1045 4403 1198 4482 prudentia

112 4519 222 4582 habiture
250 4515 388 4584 solebat,
417 4508 514 4572 mitem
538 4531 637 4572 nutem
666 4507 882 4591 requiruntur.”
910 4506 1064 4570 Emendat.
1080 4528 1109 4588 p.
1125 4515 1195 4570 too.

719 4613 746 4686 h
