3096 4932
723 407 797 476 377

204 597 331 694 Atque
349 595 444 672 hanc
470 597 625 695 quidem
642 589 869 697 scriptnr'am
895 599 935 676 iu
960 597 1131 696 reguiam
1149 598 1307 696 primam
1345 615 1395 666 un

205 697 404 774 cadentem
419 720 639 796 germanam
655 700 892 776 crediderim.
959 699 1017 774 Cl.
1035 699 1207 774 Bentleio
1225 700 1307 797 pla-
1318 681 1420 804 {⁰}-

205 797 286 872 ouit
304 805 334 871 Ο
352 801 371 872 d
387 831 461 882 ιπος
476 799 732 898 ipro-Hujus
750 800 866 874 etiam
889 799 929 873 in
944 799 1174 873 sententiam
1199 797 1306 896 pedi·

203 897 276 971 bus
289 897 365 972 ivit
384 897 441 972 cl.
455 897 655 973 Kueterun
692 901 819 996 Atque
836 901 877 973 in
891 899 1051 974 eandem
1067 899 1306 998 propendere

204 996 315 1072 video
331 997 486 1074 doctiss.
515 997 875 1075 Hemsterhuisium.
929 999 1143 1144 Bentieium
1166 996 1306 1096 partim
1319 1062 1393 1131 200

202 1148 362 1224 adduxit
391 1148 488 1224 Julii
522 1149 689 1224 Pollucis
733 1149 940 1225 auctoritas
983 1173 1118 1226 vocem
1151 1181 1229 1234 ιπος
1265 1149 1307 1225 iu

202 1246 464 1347 Aristophanis
494 1249 607 1324 Pluto
632 1249 869 1348 muscipulam
902 1249 1084 1326 denotare
1116 1250 1304 1324 testantis.

203 1347 348 1423 Verum
365 1373 454 1424 oum
466 1349 628 1424 alterum
643 1348 800 1424 Plutum
811 1351 836 1390 ⁸¹
854 1349 967 1425 hodie
978 1351 1134 1447 quidem
1146 1350 1305 1438 nullum,

203 1449 252 1522 ab
273 1449 526 1546 Aristophane
544 1449 730 1547 scriptum
755 1449 872 1524 fuisse
898 1459 1034 1525 notum
1060 1449 1136 1536 sit3
1162 1448 1307 1547 quidni,
1407 1459 1418 1476 “

204 1547 373 1635 obsecro,
397 1549 520 1645 (quod
549 1559 589 1624 et
614 1549 678 1624 alii
696 1551 832 1624 merito
850 1550 1124 1647 quaesiverunt)
1150 1550 1197 1623 ad
1213 1549 1307 1624 alte-

203 1670 289 1721 rum
315 1647 431 1722 istum
449 1649 602 1724 Plutum
620 1648 855 1724 Onomastioi
879 1649 1041 1748 scriptor
1066 1647 1306 1746 respexerit?

205 1746 322 1822 Porro
355 1747 390 1821 si
420 1771 508 1822 eum
535 1758 728 1824 constaret
758 1749 886 1849 ipsum
920 1749 1022 1824 hune
1060 1749 1163 1824 Pluti
1192 1748 1306 1823 hodie

203 1846 320 1924 solius
336 1847 464 1922 locum
481 1849 721 1946 designasse;
741 1849 835 1947 quid
851 1859 1001 1925 tautum
1019 1849 1157 1924 exinde
1174 1847 1306 1924 liceret

202 1945 369 2024 inferre?
419 1947 525 2022 Nihil
546 1947 760 2024 mehercule
783 1951 899 2036 aliud,
926 1958 1180 2048 preterquam
1201 1948 1309 2044 quod

201 2048 395 2146 exemplar
412 2049 460 2122 ab
478 2073 524 2124 eo
542 2059 769 2149 usurpatum
786 2083 860 2133 ιπος
877 2049 1084 2124 exhiberet.
1137 2049 1189 2123 At
1203 2047 1306 2121 eninr

202 2149 335 2246 quidni
362 2148 453 2223 huic
479 2150 547 2223 uni
564 2150 649 2237 trio,
676 2159 721 2224 ut
751 2151 824 2225 alia
851 2149 1028 2225 universa
1056 2147 1219 2235 mittam,
1239 2171 1309 2246 op-
1404 2213 1413 2226 .

202 2271 399 2346 ponamus,
445 2249 585 2348 quibus
626 2250 686 2323 usi
734 2261 825 2330 sunt
872 2249 1112 2338 Scholiastes‚
1155 2248 1303 2332 Suidas,

201 2347 434 2422 Atheuoeusi
486 2350 580 2424 Haee
614 2351 748 2449 utique
776 2384 869 2432 ιπνος
898 2348 1160 2450 praeferebant.
1230 2348 1305 2421 Sed

202 2447 310 2522 addit
337 2447 396 2522 vir
424 2449 482 2524 Cl.
514 2449 639 2550 perire
659 2449 815 2525 omnino
840 2474 953 2524 usum
980 2482 1037 2522 του
1067 2481 1174 2533 arveo,
1200 2445 1232 2520 si
1255 2447 1307 2519 sit

201 2553 422 2644 ελεφανηνος,
441 2573 530 2624 eum
548 2551 642 2625 ebur
666 2551 795 2648 ignem
812 2547 910 2626 ferre
928 2561 1105 2646 nequeat,
1130 2546 1198 2619 sed
1218 2569 1308 2624 cum

202 2649 397 2724 teterrimo
431 2650 564 2725 nidore
602 2649 859 2726 comburatur.
926 2649 1077 2746 Nempe
1110 2667 1200 2720 cum
1231 2645 1306 2720 hoe

200 2749 396 2838 scriberet,
422 2783 517 2824 rm
538 2751 779 2826 existimabat
796 2774 873 2825 non
889 2749 964 2822 nisi
989 2747 1048 2821 vel
1061 2744 1221 2844 sumum
1244 2745 1307 2820 uel

201 2849 378 2924 muudum
399 2850 462 2924 vel
489 2850 588 2926 forte
614 2849 769 2925 cidnum
794 2851 983 2924 denotare.
1036 2846 1153 2942 Atqui
1172 2867 1307 2922 vocem

202 2947 315 3048 istam
331 2949 511 3025 laternam
532 2951 595 3026 hic
623 2951 834 3049 significare
860 2948 1076 3034 statuimus,
1099 2969 1175 3020 non
1197 2966 1307 3025 secur

201 3058 318 3147 atque
336 3049 376 3124 in
392 3049 490 3128 Pace
507 3075 606 3128 vers.
633 3057 721 3127 839.

303 3242 502 3256 -----
519 3209 594 3275 Atro
612 3201 742 3273 δειπνου
760 3234 842 3284 τινες

302 3307 376 3374 Των
393 3305 560 3374 πλουσιων
577 3303 665 3374 οὗτοι
682 3299 849 3394 βαδιζουσ’
865 3334 1007 3398 αστερων

303 3407 487 3474 ΙΠΝΟΥΣ
505 3434 650 3504 excurre,
678 3435 711 3473 ev
728 3401 759 3473 δε
776 3433 844 3482 τοις
860 3403 1048 3472 ΙΠΝΟῙΣ(
1066 3430 1142 3496 rap·

200 3553 237 3628 h.
255 3578 289 3629 e.
318 3553 494 3631 Florente
514 3555 732 3634 Christiano
747 3557 979 3654 interprete:

202 3803 328 3863 maxime
346 3803 442 3884 turpia
462 3803 612 3865 helluones
626 3804 732 3886 juvare
781 3801 876 3870 ἔπινες
897 3802 929 3862 ἐν
954 3806 994 3881 τῷ
1017 3803 1182 3885 γράμματα
1206 3800 1305 3862 Schoi.

202 3881 731 3955 inient—Vtramemernditiuinm,
780 3886 866 3965 φησὶν
893 3883 910 3942 ὃ
937 3883 1104 3962 Φιλῦχορος,
1132 3883 1178 3943 r'rri
1210 3886 1306 3939 Γλαυ-

202 3960 353 4023 Dorum
378 3985 470 4037 meua,
493 3965 577 4044 cnjus
608 3977 732 4025 mortem
781 3970 884 4023 cirron
907 3964 952 4020 rai
979 3965 996 4034 ἡ
1019 3961 1112 4037 βουλὴ
1139 3964 1185 4020 καὶ
1213 3959 1244 4018 τὸ
1269 3957 1304 4036 [l.

200 4041 331 4106 nondum
357 4045 449 4115 eluxi.
469 4045 605 4124 intelligit
630 4049 648 4080 “
661 4043 732 4104 cuii·
782 4042 869 4124 rard]
883 4045 1004 4122 γράμμα
1017 4047 1078 4105 τότε
1092 4052 1201 4120 πρῶτον
1214 4039 1308 4098 duadi-

200 4125 320 4266 'neth
331 4125 733 4266 puerulicetlQupmnio
783 4127 862 4262 (cro.l
899 4121 977 4218 Vide
999 4123 1308 4266 &ammittit

200 4223 268 4354 'viu
287 4225 337 4346 ”Ji
358 4221 453 4350 'inei‘
473 4223 731 4362 mineum
781 4205 1100 4362 iihffssffissrsstm
1120 4218 1241 4340 arithm
1259 4237 1308 4340 nol

201 4369 262 4426 809
782 4379 844 4430 tum
858 4363 946 4424 tuisse
962 4363 1109 4430 Archonte
1123 4357 1227 4420 Diocle
1241 4369 1308 4439 poet

244 4407 293 4504 ἐι.
306 4429 731 4520 utuiorassuuzoraxore
782 4443 988 4522 dirumpunt.

856 4553 879 4618 3
894 4568 915 4618 e
