3118 4948
792 457 866 526 354

183 657 273 710 ποτ·
295 646 457 722 cessario
503 645 667 736 caderet,
708 645 823 747 hujus
867 646 1001 722 itidem
1035 644 1153 721 indoli
1192 646 1397 746 spondeus,

183 726 281 827 L
295 747 479 844 dactylus,
491 755 531 821 et
543 747 900 845 proceleusmaticus
919 748 1242 845 obtemperabant.
1297 747 1400 821 Hinc

296 847 391 921 adeo
428 870 547 922 canon
581 849 773 944 exsurgit:
817 849 862 922 ln
904 848 1034 922 metris
1068 846 1238 921 iambicis
1270 847 1398 933 iambi,

296 947 468 1044 spondei,
495 956 535 1021 ct
560 950 742 1046 anapaesti
768 948 806 1023 in
839 947 1022 1033 ultimam,
1048 947 1229 1022 tribrachi
1247 956 1286 1021 et
1313 946 1401 1022 dac·

296 1046 366 1143 tyli
401 1047 440 1121 in
470 1047 657 1132 mediam3
697 1049 736 1122 in
770 1047 972 1123 trochaicis
1009 1047 1117 1145 pedis
1146 1046 1332 1144 cujusque
1360 1047 1401 1120 iu

294 1147 501 1244 primam²t
540 1147 580 1220 iu
609 1149 847 1247 anapaesticis
876 1149 1057 1245 anapaesti
1092 1156 1132 1221 et
1162 1143 1322 1245 spondei
1360 1147 1401 1220 iu

296 1246 479 1331 ultimam,
495 1246 636 1344 dactyli
653 1258 692 1322 et
714 1245 1040 1346 proceleusmatici
1058 1249 1070 1286 ³
1086 1247 1124 1320 iu
1141 1245 1401 1344 penultimam,

294 1345 392 1420 ictus
410 1347 524 1421 cadit.
588 1347 702 1430 Quod
734 1359 863 1424 autem
889 1348 928 1422 in
958 1347 1150 1432 tribrachi,
1177 1345 1332 1443 dactyli,
1360 1354 1400 1420 et

321 1446 620 1521 roceleusmatici
633 1448 843 1546 penultima
855 1447 986 1545 potius
998 1471 1113 1544 quam
1127 1444 1261 1520 ultima
1274 1446 1400 1519 locum

293 1469 445 1634 habeat,
466 1546 561 1620 nihil
579 1557 638 1621 est
658 1557 703 1622 ut
720 1549 920 1648 quisquam
945 1545 1127 1635 miretur;
1155 1569 1243 1620 uam
1265 1545 1305 1618 iu
1333 1545 1401 1619 ho-

293 1667 379 1719 rum
397 1643 601 1742 cujuslibet
619 1647 751 1722 ultima
776 1647 905 1724 nescio
933 1647 1026 1745 quid
1049 1645 1258 1744 importuni
1285 1653 1400 1744 atque

294 1745 424 1819 absoni
442 1745 620 1821 efficeret.

403 1894 558 1970 Iambici
576 1893 728 1970 dimetri
748 1895 962 1995 [Aristoph.
982 1897 1085 1970 Nub.
1107 1895 1301 1988 1446-.].

543 2021 631 2092 Τουθ
648 2023 755 2116 ἕτερον
773 2023 813 2092 ἆυ
828 2021 934 2112 μειζόν
954 2020 1066 2094 κακόν.

543 2125 582 2192 Tr
599 2119 673 2200 δῆν
690 2152 748 2192 ror
764 2121 850 2202 ἥττω
868 2123 940 2220 γῶγ
957 2123 1069 2220 εχὼν4

542 2219 653 2317 Aoyo'v
671 2253 705 2291 σε
723 2219 840 2301 νῖκησὼ
855 2222 975 2320 brycha,

542 2324 609 2401 Την
625 2319 724 2417 μῆτερ
741 2321 785 2401 ὣς
802 2325 928 2393 τυπτέιν
943 2321 1072 2420 χρεὼν;

543 2423 582 2491 Τι
599 2418 618 2491 d
636 2420 725 2491 ἄλλο
742 2445 789 2518 γ;
816 2420 857 2500 ἦν
872 2421 961 2493 τουτί
978 2417 1085 2516 cortic,

543 2518 648 2591 Ουδέν
666 2551 699 2592 σε
718 2519 854 2592 redducit
869 2521 961 2594 oadu-

541 2651 600 2692 τον
617 2617 771 2711 ε’μβαλεῖν
788 2652 831 2701 εις
844 2621 884 2692 τό
895 2617 1067 2715 βαραθρὸν

641 2723 745 2805 Mero,
774 2721 968 2818 Σῶκρατοῦς

593 2821 658 2889 Kar
674 2816 732 2890 τόν
747 2818 853 2916 λογόν
869 2851 927 2891 τον
943 2819 1050 2904 ἣττω;

206 2977 279 3046 190
509 2963 531 3006 ¹
551 2961 709 3036 lambici
727 2964 890 3040 trimetri
910 2964 1033 3060 [Plut.
1055 2969 1175 3061 1—.].

281 3119 287 3126 ·
392 3091 442 3166 Ως
460 3083 758 3186 ἂργαλεόνπραγμ
775 3091 872 3177 ἔστιν,
905 3093 1008 3163 ὡΖευ
1021 3095 1074 3164 mir
1092 3097 1178 3178 Θεοι,

391 3185 527 3256 Δουλόν
544 3187 688 3284 γενέσθαι
706 3191 996 3288 πᾶραφρονοῦντος
1016 3192 1183 3264 δέσποτου.

390 3287 445 3358 Ην
462 3285 528 3384 γᾶρ
546 3319 586 3357 τα
603 3286 743 3379 βέλτισθ
760 3289 937 3390 ὅθεραπὼν
963 3291 1063 3373 hedde
1076 3323 1173 3390 τυχῃ,
1301 3307 1305 3312 ’

330 3501 359 3555 2.
374 3495 488 3560 Idcirco
501 3496 642 3578 particula
657 3521 686 3556 rr
700 3495 819 3580 (velye)
868 3505 896 3559 rl
919 3499 977 3571 δῆτ’
999 3501 1035 3570 ἣν
1056 3500 1132 3580 ἔχων
1154 3501 1206 3563 τὸν
1219 3506 1292 3574 ἥττω
1306 3501 1345 3576 D,
1367 3515 1399 3562 ut

287 3574 317 3632 iu
331 3577 443 3636 sesamo
457 3597 604 3657 uunquam
622 3579 750 3639 secunda
766 3600 818 3658 pe-
860 3581 955 3660 ¹codd.
978 3579 1055 3641 Vict.
1073 3595 1104 3641 et
1122 3583 1286 3653 linteum
1306 3597 1338 3643 et
1349 3583 1398 3643 ed.

286 3653 333 3714 dir
355 3656 496 3735 trisyllabi
520 3658 641 3736 syllaba,
662 3672 694 3719 et
714 3660 744 3720 iu
757 3660 817 3721 tro'-
872 3665 970 3730 1525,
993 3667 1020 3720 ri
1044 3660 1113 3732 δῆτα
1134 3663 1171 3732 ἣν
1184 3661 1261 3742 ἔχων
1278 3669 1312 3735 13
1333 3665 1363 3724 ri
1374 3662 1400 3724 δ’

287 3732 387 3793 chalco
400 3756 484 3796 versu
500 3737 583 3814 pedi·
597 3739 737 3876 trisyllabi
756 3743 817 3819 pri·
868 3741 905 3810 ἣν
926 3739 984 3820 ἔχω
1008 3746 1041 3811 Τ,
1068 3756 1098 3800 et
1120 3748 1148 3801 rt
1170 3742 1193 3801 δ’
1214 3745 1251 3813 ἢν
1272 3742 1351 3823 ἔχων
1364 3747 1398 3813 E,

286 3831 332 3872 rua
347 3833 409 3873 esse
423 3828 529 3892 potest.
541 3817 579 3876 R.
592 3817 627 3878 P.
670 3822 815 3881 sanavi.
867 3839 953 3898 quam
987 3821 1125 3881 exhibent
1160 3821 1229 3884 edd.
1265 3823 1335 3886 Ald.
1369 3838 1398 3884 et

286 3889 362 3952 Vide
376 3893 451 3951 infra
486 3901 576 3955 .250.
866 3905 952 3970 1515,
974 3913 1004 3960 et
1018 3899 1180 3980 conjecerat
1196 3903 1235 3961 R.
1248 3903 1287 3964 B.
1309 3903 1395 3963 Cous.

325 3977 354 4032 8.
376 3913 668 4036 Proceleusmaticum
685 3975 812 4056 Anapae-
862 3980 901 4038 Ii.
925 3981 961 4038 P.
998 3981 1077 4059 apud
1113 3983 1150 4041 P.
1170 3982 1208 4043 P.
1231 3983 1272 4043 D.
1306 3985 1396 4044 Intra.

282 4052 373 4114 uticus
387 4053 617 4132 Aristophaneus
632 4075 689 4116 nou
706 4057 812 4118 admit·
863 4065 985 4121 “1449.
1029 4062 1189 4140 Strepsicdi
1220 4063 1273 4122 dat
1307 4073 1337 4124 2.
1367 4078 1397 4123 et
1530 4101 1531 4112 κ

282 4133 367 4196 tit-R
387 4135 423 4194 P.
437 4134 475 4194 ad
494 4134 582 4213 Toup.
599 4155 627 4214 p.
642 4141 712 4197 486.
863 4141 1032 4218 interrogat,
1056 4155 1117 4202 tum
1143 4147 1230 4202 1450.
1252 4157 1307 4222 φει.
1328 4151 1355 4204 rl
1375 4143 1397 4204 δ’

323 4222 352 4273 4.
381 4221 408 4275 rl
430 4213 487 4284 δῆτ’
510 4215 546 4284 ἣν
573 4214 630 4293 ἔχω
655 4215 705 4276 τὸν
727 4223 811 4289 ἦττον
862 4223 989 4295 ctloy'.
1015 4219 1240 4298 &bird-R·
1257 4223 1295 4282 P.
1317 4225 1396 4303 apud

282 4289 349 4351 MS.
365 4291 399 4353 C.
419 4309 449 4353 et
462 4313 489 4351 v.
506 4300 593 4354 1448.
609 4296 691 4357 deest
704 4301 809 4372 λέγων.
861 4299 897 4358 P.
912 4299 946 4358 P.
965 4299 1006 4359 D.
1030 4305 1110 4359 ταυτὶ
1139 4299 1174 4374 C,
1190 4303 1231 4375 D,
1245 4301 1281 4362 Ε.
1307 4310 1393 4364 1451.

282 4377 309 4428 τί
326 4371 349 4428 δ’
369 4373 403 4441 ἣν
422 4373 481 4451 ἔχω
496 4376 546 4434 τὸν
567 4379 638 4445 ἥττω
653 4401 685 4435 σε
708 4382 811 4448 νικήσω
862 4381 968 4439 σαυτὸν
982 4379 1017 4452 C,
1031 4381 1071 4440 D.
1094 4383 1122 4448 tc
1136 4382 1172 4452 (l,
1188 4383 1227 4455 D,
1241 4383 1278 4442 Ε.
1305 4390 1390 4444 1454.

281 4453 371 4524 λόγον
394 4459 430 4522 Η,
452 4467 481 4512 et
502 4453 559 4534 ἔχω
574 4457 617 4515 bis
640 4457 669 4514 ln
690 4455 807 4528 Schol.;
861 4457 993 4529 ἥττονῦ.
1076 4517 1078 4524 ,
