3102 4936
674 364 749 434 26⁵·

160 545 458 628 Secundadabit
472 553 534 628 vel
551 558 685 629 Πολλοι
706 559 837 638 isarno
862 562 996 629 contre
1012 559 1254 630 numerorum
1275 573 1367 625 sacr.

159 649 357 738 rationem,
382 652 444 726 vel
460 653 604 727 nullum
621 655 670 727 ad
694 656 797 752 quod
821 658 945 727 πολλοι
968 654 1151 734 referatur
1167 678 1251 730 ver·
1292 637 1335 690 Ν·

158 747 262 824 bum.
317 752 378 825 Ex
404 753 518 826 tertia
540 753 703 850 denique
733 753 953 827 habebimus
984 754 1097 835 ᾰέαντε
1127 743 1365 855 ἀμπ’*

159 847 221 922 vel
235 849 380 925 simile:
406 851 484 925 bini
498 876 576 924 cam
577 853 793 952 fregissent
802 852 935 950 plures
952 878 1092 927 carnes.

211 989 232 1028 *
257 993 459 1071 boz-ara
477 990 576 1060 λιπον
601 988 706 1085 appar
732 989 903 1084 ανακτων]
948 989 1023 1064 Hic
1044 990 1159 1064 etiam
1179 1012 1257 1064 refl-
1270 1006 1339 1074 151

160 1083 381 1161 cribcndum
407 1084 491 1184 ἅρμα
519 1086 680 1160 ivamus.
732 1089 884 1186 Quippe
912 1089 959 1163 de
984 1089 1097 1163 unico
1125 1090 1257 1186 Sarpe-

159 1180 268 1258 donis
293 1210 408 1260 curru
436 1186 574 1283 agitur.
627 1187 817 1264 Caeterum
847 1187 994 1261 ἅνακτων
1024 1189 1256 1275 dominorum,

160 1283 387 1380 Sarpedonis
404 1295 444 1360 et
460 1287 612 1383 aurigae.

211 1425 296 1494 523.
340 1426 440 1494 Abia
472 1457 511 1495 συ
549 1455 609 1520 περ
653 1457 707 1514 μοι
741 1424 824 1504 ἅναξ
864 1427 935 1498 τοδε
972 1457 1127 1524 καρτερον
1160 1421 1257 1508 ἕλκος

161 1523 313 1614 ακεσσαι]
341 1521 445 1618 Lege
472 1525 571 1594 Abba
603 1555 642 1594 συ
670 1556 729 1622 περ
760 1527 830 1596 ΜΕ
869 1523 1052 1604 ἅναξ-Αἰ
1077 1523 1258 1620 syntaxis,

162 1617 323 1714 inquies,
353 1620 426 1694 ista
461 1655 498 1716 με
537 1621 634 1702 ἕλκος
665 1653 794 1695 arccana
828 1645 1015 1720 nusquam
1049 1631 1255 1719 comparet.

163 1713 256 1790 Non
281 1717 454 1794 diffiteor.
506 1719 580 1794 Sed
603 1743 726 1817 neque
756 1743 916 1818 usquam
940 1721 1035 1800 olibi
1065 1730 1259 1818 comparet

164 1815 281 1892 altera
303 1853 356 1908 μοι
378 1821 474 1902 ἕλκος
501 1852 644 1893 acroam.
697 1821 859 1894 Proinde
886 1820 918 1894 si
941 1843 989 1893 ex
1012 1820 1261 1894 constructio-

164 1914 223 1990 nis
252 1918 425 2017 analogia
453 1918 547 1992 nihil
571 1919 785 2005 haberetur,
809 1920 912 2017 quod
934 1919 1037 1994 illam
1057 1919 1259 1993 lectionem

162 2013 253 2090 huic
281 2040 362 2091 esse
387 2017 669 2093 anteferendam
692 2019 887 2106 indicaret,
911 2041 992 2092 rem
1017 2017 1157 2114 alioqui
1181 2041 1258 2092 am·

162 2116 319 2212 biguam
340 2118 590 2192 determinare
608 2117 763 2191 deberet
789 2117 999 2216 prosoediae
1023 2119 1131 2193 ratio.
1184 2117 1260 2190 Ve-

164 2237 248 2289 rum
272 2216 345 2290 hac
369 2217 416 2291 de
438 2241 479 2291 re
502 2215 726 2313 neutiquam
752 2217 839 2291 silet
865 2215 1156 2290 constructionis
1173 2238 1260 2290 ana·
1285 2241 1287 2246 ¹

42 2365 46 2372 ·
163 2313 277 2410 logia.
346 2317 446 2390 Nam
486 2317 602 2390 verba
635 2321 758 2397 ουταζω
801 2325 840 2390 et
877 2317 1013 2409 βαλλω,
1055 2339 1140 2411 quae
1175 2338 1263 2388 cum
1302 2361 1304 2370 ,

166 2413 280 2487 unico
319 2439 491 2511 personae
526 2413 745 2488 accusativo
788 2415 924 2511 saepius
969 2413 1264 2509 conjunguntur,

165 2513 270 2608 quod
294 2512 427 2587 itidem
450 2515 565 2589 verbo
589 2546 719 2604 ακεομαι
736 2535 817 2596 ,usu
844 2514 971 2597 venit3
1000 2533 1087 2584 cum
1112 2511 1264 2607 gemino
1340 2537 1344 2546 ·

166 2635 437 2710 nonnunquam
478 2612 721 2696 accusativ03
763 2632 933 2708 persona
972 2611 1102 2693 altero,
1144 2609 1264 2682 altero

165 2711 272 2785 vocis
289 2713 398 2799 ἕλκος,
424 2736 513 2788 cum
529 2712 658 2786 dativo
674 2732 766 2812 vero
782 2731 970 2805 nusquam
988 2715 1267 2783 construuntur.

286 2945 365 3030 Δῖην
388 2947 529 3044 exscreat
557 2951 722 3030 ΕΛΚΟΣ,
750 2952 780 3019 0
809 2951 879 3019 ME
904 2947 1030 3046 βροτος
1056 2947 1267 3016 ΟΥΓΑΣΕΝ

420 3045 514 3145 drop.
544 3045 590 3139 [f.
606 3050 789 3118 ΟΥΤΑΣΕ
807 3044 864 3140 ri]

170 3185 257 3296 795.
285 3185 437 3300 Enim,
473 3190 695 3280 αναψυχοντα,
734 3187 794 3256 ΤΟ
822 3186 911 3254 ΜῙΝ
944 3184 1064 3254 ΒΑΛΕ
1096 3181 1270 3277 Πανδαρος

421 3313 431 3350 ι
463 3335 471 3352 .

220 3422 261 3490 Τ.
281 3313 457 3489 menits,
484 3446 515 3486 oa
551 3413 651 3496 αεῖκες
681 3444 854 3504 ovacerum
889 3407 1074 3507 Αργειόισι]
1114 3407 1271 3503 Repone

171 3549 257 3589 -εν
284 3513 451 3613 Agr-scabros
475 3511 637 3586 α’νασσειν.
690 3512 786 3584 Nam
806 3517 845 3584 et
861 3509 943 3581 haec
971 3506 1152 3600 loquendi
1173 3505 1271 3580 ratio

172 3617 292 3714 probe
310 3613 516 3686 Homerica
532 3619 592 3685 est
610 3617 686 3682 ΟΔ.
706 3617 751 3682 Η.
770 3615 884 3681 62.—

371 3733 410 3818 ὁς
436 3740 496 3807 ΕΝ
523 3736 690 3805 ΦΑΙΗΞΙ
716 3733 945 3804 ΑΝΑΣΣΕΝ.

226 3874 248 3918 ¹
265 3878 309 3944 Υ.
325 3873 385 3944 67.
414 3875 500 3941 Ητοι
531 3901 587 3956 μεν
625 3899 689 3965 γαρ
716 3899 829 3939 sucuro
856 3863 1080 3942 Ποσειδαωνος
1110 3863 1270 3954 evome]
1287 3873 1358 3943 152

176 3969 364 4065 Equidem
382 3969 415 4042 si
431 3969 560 4042 locum
580 3965 681 4037 hunc
708 3966 754 4037 ab
780 3965 949 4036 Homero
965 3961 1181 4059 proiectum
1197 3981 1274 4034 cre-

176 4069 318 4155 derem,
340 4065 417 4140 levi
434 4066 526 4141 satis
542 4063 697 4159 negotio
713 4061 871 4138 rescribi
886 4068 1028 4159 posset,

189 4221 192 4230 ’
330 4207 416 4275 Ητοι
433 4235 488 4296 μεν
505 4235 546 4301 pc
563 4199 704 4288 ἄνακτος
722 4232 836 4272 εναντα
852 4196 1087 4277 Ποσειὸἆωνος.

177 4339 321 4418 Verum
351 4336 393 4412 in
424 4336 497 4412 hac
527 4337 696 4411 Deorum
733 4355 864 4433 pugna
898 4332 1010 4430 plura
1036 4323 1277 4425 reperiuntur

826 4479 855 4527 n
872 4476 912 4526 m
