3096 4932
805 411 880 478 434

179 633 266 682 sacr.
288 609 482 708 Principio
500 605 635 704 prioris
661 639 693 679 n
717 603 917 680 collocatio
939 601 1177 702 postulatori
1198 611 1402 678 construe·

192 699 241 750 l·
287 709 402 786 tionis
429 707 689 804 integritatem
721 707 880 780 alterum
910 703 1139 801 genitivum,
1172 701 1241 798 qui
1267 711 1403 776 tamen

200 865 275 934 236
288 805 414 884 nullus
441 807 515 884 hio.
533 807 706 893 habetur.
760 806 908 880 Deinde
938 805 1012 878 ista
1039 809 1148 888 λυπας
1172 804 1195 848 ¹
1212 835 1367 901 χρωιων
1383 835 1404 873 r

287 942 377 994 πων,
412 909 505 993 sive,
536 907 639 1004 quod
671 906 747 1004 legi
778 915 908 982 monet
938 903 1179 990 Scholiastes,
1205 935 1355 1002 χρονους
1383 933 1404 973 r

288 1042 377 1097 ετων,
405 1016 445 1083 et
474 1013 668 1089 παλαιουςτ
692 1039 864 1094 solomone,
892 1009 941 1089 lic
965 1037 1084 1078 τουτον
1109 1005 1220 1102 plane
1245 1009 1401 1078 Sonant.
1515 1022 1519 1039 '

287 1107 433 1279 gartio,
459 1131 590 1184 versus
607 1107 646 1180 in
664 1105 831 1206 strophe,
857 1107 920 1182 cui
946 1102 1136 1180 secundus
1162 1103 1400 1204 respondere

313 1208 412 1294 abet,

635 1337 798 1425 Στεφανον
811 1362 953 1426 copton,

288 1479 335 1530 cx
361 1467 553 1556 anapaesto
583 1464 622 1529 et
658 1453 829 1554 spondeo
866 1452 1087 1538 conticitum
1127 1474 1215 1526 cum
1247 1451 1287 1524 in
1320 1450 1397 1525 hoc

287 1567 416 1631 tamen
433 1567 625 1654 anapaesto
644 1553 901 1654 subjungatur
918 1554 1076 1627 iambus.
1129 1550 1318 1626 Omnibus
1335 1550 1397 1625 his

288 1655 537 1732 incommodis
553 1655 629 1732 levi
646 1679 763 1730 manu
781 1655 835 1729 sic
853 1652 1156 1726 subveniendum
1174 1675 1325 1738 censeo,

637 1787 792 1878 Χρονιων
810 1783 944 1851 ΑΤΩΝ.

287 1901 448 1978 Excutit
480 1913 599 1977 autem
626 1903 772 1978 dolores
801 1904 1054 1978 diuturnorum
1088 1926 1273 1978 noxarum
1301 1903 1397 1976 seni·

287 2003 411 2102 Icaqroe
434 2027 560 2078 annos.
613 2004 674 2077 Ex
700 2005 831 2079 eadem
858 2002 1000 2078 familia
1025 2003 1212 2080 laboranti
1243 2001 1395 2078 cuidam

287 2103 390 2201 apud
414 2102 637 2199 AEschylum
661 2103 746 2178 loco
776 2103 987 2202 petendum
1015 2111 1073 2176 est
1098 2103 1295 2178 auxilium.
1350 2103 1395 2176 ln

285 2201 570 2298 Agamemnone
582 2205 619 2242 ¹⁰⁸
636 2203 769 2300 utique
780 2225 867 2304 pag.
883 2209 968 2277 213.
983 2203 1130 2300 (1213.)
1140 2203 1197 2278 sic
1207 2203 1394 2301 scriptum

286 2299 457 2376 invenire
474 2311 554 2376 est:

436 2433 518 2512 Πως
535 2429 592 2510 lor
610 2461 750 2512 ανακτος
769 2432 850 2531 ησθα
867 2430 985 2510 Λοξιου
1003 2453 1113 2523 κοτῳ;

285 2557 366 2637 Πως
393 2555 471 2638 lma
497 2556 577 2636 ησθα
605 2555 719 2649 carol
771 2551 937 2628 Videsne
965 2551 1042 2639 hic,
1076 2552 1250 2640 obsecro,
1276 2551 1393 2626 ullam

283 2653 578 2730 constructionis
596 2654 720 2728 volam
738 2660 806 2726 aut
823 2653 1058 2750 vestigium?
1109 2650 1187 2734 Qui
1204 2650 1334 2726 videre
1352 2675 1393 2726 sc

283 2754 486 2840 existimat,
512 2754 545 2828 is
570 2754 793 2829 commodus
821 2752 1011 2850 expediat,
1047 2751 1173 2827 velim.
1235 2751 1393 2826 Interim
1524 2809 1525 2840 ἐ

283 2877 375 2928 vero
391 2875 415 2927 a
430 2853 619 2927 nonnullis
637 2852 858 2949 hujusmodi
875 2873 1100 2926 arcanorum
1118 2873 1268 2926 mecum
1277 2850 1392 2948 juxta

282 2951 470 3124 imferitis
483 2953 646 3047 gratiam
663 2952 945 3050 quodammodo
963 2952 1130 3026 initurus
1144 2949 1236 3024 mihi
1248 2951 1392 3039 videor,

283 3049 315 3129 si
346 3049 547 3136 ectionem‚
575 3049 685 3147 cujus
702 3051 892 3127 sententia
914 3053 1061 3127 nonsit
1079 3074 1200 3148 usque
1222 3051 1319 3126 adeo
1335 3075 1393 3126 re·

283 3148 450 3235 condita,
465 3171 700 3246 suggessero.
754 3152 850 3226 Eam
867 3162 998 3227 autem
1014 3152 1069 3226 sic
1086 3149 1375 3227 constituerim:

433 3279 513 3356 Πως
530 3275 587 3355 lm
605 3279 789 3348 ΑΝΑΤΟΣ
807 3279 889 3357 ησθα
906 3277 1025 3358 Λοξιου
1042 3301 1148 3372 κοτῳ;

195 3419 270 3491 237
283 3403 306 3454 ¹*
320 3399 503 3492 Quomodo
521 3398 641 3498 igitar
658 3398 846 3498 Apollinis
861 3399 910 3474 ab
925 3402 987 3476 ira
1003 3401 1190 3476 indemnis
1207 3400 1359 3476 eomiati
1367 3403 1391 3476 Ρ

283 3502 398 3602 Soph.
414 3499 504 3577 OEd.
521 3500 655 3575 Calon.
675 3503 749 3572 818
766 3500 888 3597 (785).

380 3639 826 3722 m-a-nolicls
845 3671 896 3711 σοι

381 3743 499 3812 Κακων
514 3744 700 3812 ΑΝΑΤΟΣ
712 3741 750 3785 ²⁰⁹
766 3740 851 3811 τωνδ
868 3741 1073 3839 απαλλαχθῃ
1091 3743 1227 3838 χθονος.

324 3949 390 4008 108.
415 3949 652 4029 Agamemnone]
670 3969 714 4009 va.
732 3953 808 4008 1220
861 3949 975 4031 Mmgr.
988 3949 1026 4010 ad
1040 3950 1060 4008 l.
1072 3949 1159 4012 Conf.
1172 3949 1271 4012 AEsclr.
1286 3950 1388 4032 Suppl.

280 4026 409 4107 (ms).
435 4029 510 4088 “oa
532 4029 617 4090 etiam
638 4029 695 4088 a·
732 4026 809 4088 Can-
860 4035 929 4090 saa.
955 4034 1024 4090 ssa.
1048 4036 1118 4090 soa.
1156 4031 1243 4092 uum.
1266 4037 1315 4091 m.
1341 4035 1389 4092 sa.

281 4121 370 4182 torus,
408 4109 544 4191 protam
585 4109 715 4170 Hestio
747 4127 811 4168 cum
859 4109 1389 4188 sapursncmsuurmenrcot.

279 4189 435 4254 stanleia-'¹
455 4191 494 4252 R.
506 4189 650 4252 Pado.
665 4188 706 4248 D.
859 4188 1009 4269 Aristoph.
1035 4189 1262 4252 Eccles.1012.
1303 4191 1389 4252 Plato
1429 4215 1431 4220 ·

322 4277 389 4334 109.
411 4273 538 4339 'Arctoo
576 4270 656 4340 Ald„
690 4269 807 4336 ἄναιτος
856 4268 1001 4348 delaegg.
1017 4289 1060 4340 rx,
1076 4276 1145 4332 669.
1162 4270 1201 4331 D.
1218 4272 1385 4332 Lmr.=

278 4346 407 4414 Turneb.
428 4355 489 4414 Pro
501 4351 584 4415 τῶνδ’
605 4357 623 4386 “
635 4350 753 4410 omnino
763 4348 806 4406 le-
856 4369 886 4428 p.
900 4355 969 4412 871.
988 4349 1024 4410 E.
1039 4351 1140 4421 HSt.‚·
1165 4352 1211 4412 lb.
1226 4357 1294 4411 660.
1309 4351 1335 4410 E
1350 4377 1385 4404 =

277 4429 406 4504 gendum
437 4454 504 4498 curn
526 4433 676 4513 Scaligero
699 4426 806 4498 τῆσδ’.”
857 4434 926 4490 874.
946 4429 1033 4502 C.³.,
1048 4435 1173 4504 x1,684.
1188 4430 1385 4492 (3:985AE.
