2964 4950
617 385 695 456 609

95 583 212 662 Fecit
229 589 360 688 utiquc
377 591 518 690 syllaba
534 626 598 666 των
621 605 709 670 ante
734 595 879 682 iterata,
898 602 948 668 'ut
971 595 1096 674 scriba
1111 595 1223 672 isto.»
1246 605 1294 657 Ᾰῐ)

94 709 189 760 rum
211 691 427 787 δυσσεβεστατ
444 728 470 765 ω
492 694 617 768 minus
643 707 819 772 accurate
844 717 980 770 sonum
1004 675 1315 798 acceperitffl

4 812 22 822 ·
95 787 286 886 adeoque,
317 794 408 868 dum
435 794 560 869 adhuc
583 794 770 872 tinnirent
791 819 913 882 aures,
939 797 1202 892 δυσσεβεστατων

94 885 355 990 descripserit.
406 895 648 994 Peripbrasin
675 909 803 973 autem
838 900 950 972 istam
981 932 1019 970 ra
1046 933 1112 972 rav
1142 933 1200 972 ra·

93 1020 218 1105 naason
247 993 483 1089 δυσσεβεσωτα
510 1016 586 1096 quo
613 997 738 1072 minus
767 999 852 1096 quis
881 997 1049 1085 miretur,
1075 999 1202 1087 saciet,

93 1111 247 1284 ppppor,
274 1095 377 1189 quod
397 1096 499 1192 apud
521 1097 684 1172 eundem
709 1109 862 1195 poetam
879 1097 1020 1194 legitur
1039 1099 1132 1172 Phil.
1151 1105 1199 1174 65

201 1357 399 1375 ······-·-
600 1331 707 1423 λεγων
724 1324 764 1396 ὅσ
780 1360 821 1398 αν

199 1422 307 1516 θελῃς
322 1425 386 1494 καθ
401 1457 489 1512 ημων
507 1429 658 1498 ΕΣΧΑΤ
685 1431 900 1500 ΕΣΧΑΤΩΝ
929 1432 1062 1501 KAKA.

96 1549 175 1628 Sed
192 1557 371 1633 ulteriore
392 1560 547 1659 insuper
573 1560 716 1636 auxilio
739 1561 844 1635 locus
867 1560 1025 1658 indiget.
1078 1561 1199 1636 Nimi-

96 1675 183 1729 rum
208 1657 311 1734 istud
335 1693 436 1751 μητε.
460 1685 548 1737 cum
586 1663 626 1736 iu
658 1661 831 1736 oratione
865 1660 1048 1736 habeatur
1072 1685 1200 1760 neque

97 1754 261 1834 alterum
288 1793 375 1851 μητε,
403 1785 473 1837 nec
499 1798 543 1851 τε,
566 1785 637 1839 nec
666 1788 743 1847 και;
775 1761 959 1836 sermonis
986 1761 1101 1837 indoli
1132 1765 1200 1838 ad-

96 1867 279 1933 versatur.
332 1861 496 1959 Oportet
525 1886 615 1939 vero
644 1863 741 1954 μηδεε
780 1871 822 1936 ut
850 1885 898 1936 ne
925 1863 1199 1938 committentem

96 1957 251 2052 quidem
266 1959 442 2036 actvm
456 1972 493 2037 ta
512 1965 584 2039 &a
628 1963 758 2050 Porro,
781 1965 864 2036 dm
879 1967 965 2058 θεμις
981 1996 1060 2037 srvat
1076 1987 1196 2062 purus

96 2067 214 2155 putus
241 2073 299 2136 est
324 2062 588 2140 barbarismus.
654 2063 741 2138 Jam
774 2062 866 2137 olim
899 2085 991 2138 vero
1023 2065 1197 2139 emenda-

100 2159 262 2236 *veram
276 2165 389 2253 θεμιν;
415 2175 532 2262 atque
562 2166 617 2239 ita
643 2164 683 2239 in
707 2163 863 2239 Colinaei
889 2163 1058 2240 editione
1075 2165 1193 2264 scrip-
1207 2187 1281 2256 343

1 2287 2 2292 ¹
97 2267 181 2334 tum
205 2284 327 2360 nuper
352 2266 532 2362 comperi.
591 2265 757 2340 Istorum
784 2265 948 2363 denique
978 2269 1057 2338 Αλλ
1082 2300 1197 2352 autor,

0 2381 1 2386 ¹
98 2359 155 2434 uti
173 2360 290 2457 vulgo
307 2363 558 2462 accipiuntur,
583 2365 710 2438 nullus
726 2372 786 2439 est
801 2388 944 2451 sensus,
960 2366 1196 2440 constructio

1 2557 2 2564 ἵ
97 2459 206 2534 nulla.
257 2461 433 2562 Conjecit
449 2472 578 2538 autem
594 2464 723 2539 nescio
741 2465 825 2561 quis
843 2468 920 2536 Αλλ
938 2495 1044 2538 εασον,
1077 2465 1196 2564 Atqui

1 2613 2 2628 .
97 2557 169 2633 hoc
186 2569 299 2659 pacto
314 2563 440 2638 minus
457 2563 656 2639 commode
671 2563 927 2640 eliminabitur
945 2597 1052 2636 αυτον.
1105 2565 1198 2640 Ver·

1 2757 3 2770 .
98 2661 232 2736 borum
254 2687 278 2738 a
302 2662 489 2762 Sophocle
513 2662 772 2764 profectorum
790 2664 940 2760 plenam
964 2671 1196 2761 potestatem

1 2845 2 2848 Ἴ
98 2771 224 2837 statuo
241 2768 319 2839 Αλλ
335 2797 369 2837 ea
388 2798 498 2852 αυτον,
527 2787 605 2863 per⁴
621 2764 743 2839 crasin
761 2787 852 2838 vero
868 2761 1096 2838 efferendam
1113 2789 1196 2840 esse

1 2898 5 2914 *
98 2867 173 2936 Αλλ
189 2889 310 2946 ηυτοντ
335 2866 542 2940 autetiam
569 2865 758 2966 producta
779 2863 901 2940 vocali
921 2898 954 2952 o,
981 2869 1057 2937 Αλλ
1085 2895 1196 2943 autom.

97 2963 228 3062 ltaque
245 2967 371 3040 totum
385 2968 512 3040 locum
528 2965 586 3042 sic
601 2964 747 3064 retingo
763 2990 773 3036 ε

145 3091 427 3165 -κ-ὦστε
443 3096 583 3165 ΜΗΔΕ
602 3093 727 3192 δρωντα
744 3124 778 3164 σε
906 3179 909 3188 .

142 3195 191 3263 Τα
207 3225 272 3266 των
288 3224 449 3266 κακιστων
466 3197 811 3280 ΔΥΣΣΕΒΕΣΤΑΤ,
835 3197 865 3263 Ω
885 3225 995 3292 marm,

146 3296 296 3366 ΘΕΜΙΝ
314 3326 349 3366 σε
366 3329 390 3394 γ
406 3327 484 3368 saror
502 3327 607 3368 κεινον
624 3295 778 3394 omrdppv
796 3291 963 3375 caruem.

95 3508 618 3588 paraticascummperlatirojuoctus
671 3507 742 3571 Quis
766 3507 860 3585 magis
894 3514 990 3584 optato
1023 3513 1104 3585 quem
1136 3525 1196 3564 esre

96 3588 253 3666 reperitur;
276 3602 317 3661 ut,
339 3589 429 3667 Soph.
442 3588 491 3648 El.
506 3595 576 3648 201.
594 3585 618 3646 d
668 3587 780 3646 beatior
788 3590 918 3656 oeoo,-“
925 3587 973 3644 Ad
983 3587 1102 3643 verbum
1110 3585 1194 3644 Aris-

2 3715 4 3728 .
96 3677 192 3728 πασᾶν
219 3669 297 3728 κείνα
324 3672 413 3728 πλέον
440 3671 531 3748 ἁμέρα
551 3671 618 3726 Ἔλ·
668 3665 937 3767 topbuucsOEecles.
953 3665 1126 3741 1131.);τίς
1137 3671 1194 3744 γὰρ

97 3749 169 3807 toto’
189 3749 310 3830 ἐχθίστα
331 3747 365 3818 δή
387 3773 445 3828 μοι.
477 3749 618 3827 Saepenu·
669 3771 782 3821 γενοιτο
803 3746 990 3825 (-νοιτ’ΐιν)
1012 3752 1127 3826 μᾶλλον
1143 3749 1194 3806 ‹ll-

2 3897 3 3900 ,
96 3847 173 3888 mero
196 3829 408 3912 comparativus
433 3841 616 3908 gemmatum
666 3825 817 3905 βιὼτερος;
840 3827 907 3886 Hoc
925 3842 1020 3887 autem
1033 3827 1194 3886 archaismo

99 3907 224 3991 AEschyl.
244 3911 383 3992 Septheb.
409 3913 477 3971 670.
501 3913 618 3988 μᾶλλον
669 3909 758 3968 utitur
783 3929 861 3988 saepe
885 3907 1193 3985 Pharmacusam

97 3991 286 4071 ἔνδικώτεροςς
314 3989 416 4070 Suppl.
436 3995 505 4053 287.
539 3995 618 4068 μᾱλ-
667 3989 742 4069 prol.
756 3991 835 4064 ⁵4.):
856 3989 950 4067 magis
964 3988 1196 4068 majoresougos

98 4077 149 4132 λον
166 4074 369 4156 ἐμφερέστεραι.
406 4069 477 4131 Eur.
498 4069 616 4130 Hecub.
667 4067 785 4151 egerit.'’
801 4065 860 4130 &c
876 4069 1006 4150 Scaliger
1018 4069 1089 4128 adl.

98 4159 164 4216 tlt.
177 4159 294 4234 μᾶλλον
311 4155 518 4232 εὑτυχὲστερος.
539 4150 619 4231 Hip·
685 4178 688 4188 ·
711 4157 779 4210 362.
801 4153 899 4231 θέμις,
921 4155 968 4208 ΣΕ
985 4154 1016 4207 Γ·
1033 4153 1152 4220 ΕῘΝΑῙ,
1168 4174 1192 4210 κ.

97 4235 153 4313 pol.
173 4241 242 4296 381.
254 4239 371 4314 μᾶλλον
384 4237 498 4310 &bytom
511 4230 617 4292 κλύειν.
669 4235 699 4290 ἀ.
714 4256 739 4290 κ.
762 4231 827 4292 Nom
835 4233 892 4311 sos
905 4233 940 4290 st'l
951 4241 1051 4300 lamen.
1068 4231 1143 4310 qnod
1156 4231 1197 4290 ad

98 4315 179 4375 Cous.
216 4315 315 4375 Momlr.
356 4315 393 4374 ad
431 4317 500 4376 487.
556 4311 617 4372 Xe·
668 4324 695 4372 tc
714 4313 959 4391 attinet.--Toup.
980 4311 1001 4370 l.
1020 4331 1045 4369 c.
1068 4311 1195 4371 “Miror

98 4398 180 4478 noph.
195 4403 231 4456 ll.
245 4401 283 4456 11.
302 4413 336 4468 rr,
350 4395 391 4465 iii,
407 4400 453 4454 12.
477 4393 555 4464 tibur
576 4392 618 4452 δι·
667 4396 803 4474 equidem
855 4393 989 4474 Torpicm
1030 4391 1194 4452 facillimam
1263 4407 1266 4416 ’

97 4479 178 4540 δόντα
198 4481 325 4559 μᾶλλον.
357 4475 433 4554 Virg
470 4473 537 4540 Cul.
566 4479 615 4537 78.
667 4476 793 4536 Damerii
802 4475 1009 4536 correctionem
1020 4475 1110 4551 θέμιν
1121 4469 1197 4552 reje-

730 4576 787 4644 41
