3032 4958
804 370 829 438 2

165 581 351 694 ripaque
368 562 408 636 in
426 561 655 636 Terentiano
680 559 781 676 houd
807 559 918 658 plane
947 555 1166 656 poenitenda
1194 552 1370 630 videmur

157 679 253 749 ,,·,,
266 685 484 760 occupasse,
501 669 649 759 partem
670 658 733 733 hrc
756 658 921 756 aliquam
936 656 1205 732 secernendum
1222 675 1370 727 curare.

265 759 580 954 {digaiqnepppqd
601 765 710 834 1584.
730 759 743 796 ²
761 782 848 858 pag.
870 764 928 832 16.
946 758 971 831 l.
986 763 1021 831 9.
1053 757 1131 850 [=
1145 779 1183 829 v.
1203 758 1290 828 262.
1309 751 1371 828 ed.

394 1004 546 1079 Addita
561 1005 651 1102 styli
665 1004 870 1079 humaret
886 1003 1054 1078 siccioris
1070 1001 1238 1095 tedium]

266 1140 544 1218 circumfertur
560 1141 643 1217 haec
653 1141 753 1216 linea
765 1141 875 1240 plone
891 1141 1028 1238 ὀμετρός
1041 1161 1173 1214 versus
1186 1133 1373 1210 trochaici

265 1241 361 1315 loco.
416 1241 609 1337 Quicquid
625 1249 755 1315 autem
780 1238 865 1314 vitii
889 1238 950 1313 hic
975 1235 1285 1335 deprehenditur,
1302 1235 1375 1306 im·

266 1339 428 1438 peritam
462 1340 688 1415 industriam
720 1338 834 1438 sapit.
905 1338 1054 1435 Nempe
1095 1359 1119 1410 a
1150 1333 1373 1409 Terentiani

268 1461 378 1513 manu
395 1438 611 1536 profectum
628 1449 700 1526 est,

417 1581 568 1656 Addita
584 1582 675 1680 styli
686 1581 853 1656 levaret³
869 1581 1036 1656 siccioris
1054 1581 1198 1704 trediom
1209 1607 1223 1652 .·

268 1742 458 1808 corrector
481 1741 610 1807 autem
631 1732 759 1805 nescio
783 1731 882 1830 quia,
908 1730 1081 1806 ultimam
1107 1730 1214 1805 vocis
1240 1732 1376 1808 addita

267 1833 342 1906 hoc
359 1841 472 1929 pacto
489 1830 649 1929 produci
662 1853 762 1928 aegre
774 1831 911 1918 ferens,
928 1833 1043 1906 verbo
1055 1831 1193 1906 leuaret
1208 1829 1376 1908 infausto

268 1953 382 2006 manu
411 1929 586 2005 voculam
609 1929 675 2004 ouh
692 1929 873 2028 praefecit,
897 1953 944 2004 eo
969 1929 1114 2005 scilicet
1143 1929 1300 2005 consilio
1331 1941 1375 2006 ut

268 2053 337 2127 pes
362 2030 551 2104 secundus
576 2039 790 2128 anapestus
815 2030 1016 2114 evaderem
1044 2029 1194 2104 nescius
1219 2029 1375 2106 interim

267 2129 405 2228 pedem
422 2128 528 2202 illum
553 2149 697 2215 revera,
718 2127 832 2225 juxto
855 2127 1027 2225 regulam
1051 2130 1100 2201 ab
1125 2127 1211 2227 ipso
1225 2127 1371 2206 Teren·

266 2226 373 2302 tiano
400 2227 591 2314 traditam,
621 2226 693 2302 hac
719 2227 930 2302 mutatione
957 2227 1140 2303 creticum
1166 2227 1277 2302 effici.
1335 2230 1373 2304 Is

268 2326 402 2423 utique
427 2327 475 2401 de
502 2326 690 2402 elemento
720 2327 861 2423 ὁρκηκῷ
890 2326 915 2400 S
943 2349 1059 2424 agens
1082 2350 1166 2428 pag.
1183 2334 1245 2402 42.
1263 2326 1290 2402 1.
1314 2334 1373 2404 15.

271 2429 341 2520 [==
359 2428 491 2522 1056]
510 2426 590 2500 haec
607 2425 743 2501 habet:

323 2579 415 2666 Quae
431 2577 502 2651 sibi
518 2586 595 2652 tres
607 2587 745 2651 tontum
754 2576 899 2675 poterit
911 2575 1129 2675 mipungere
1144 2588 1272 2667 mutar,

323 2678 364 2751 Si
379 2677 524 2775 quando
541 2687 705 2764 scutum,
721 2699 887 2774 spumas,
904 2676 963 2750 nel
976 2677 1138 2751 stamina
1154 2677 1246 2766 dico,

159 2779 303 2872 [1060]
318 2775 420 2850 Haec
434 2777 515 2850 nolo
524 2777 656 2871 qfficiet
672 2777 767 2850 nudo
783 2787 824 2849 ut
832 2785 1037 2850 remanente
1049 2777 1206 2850 trochaeo

323 2875 524 2972 spondeum
537 2877 693 2972 gemino
706 2875 850 2972 possint
853 2876 1014 2970 firmiore
1030 2901 1182 2950 eonoroe.

184 2979 208 3044 3
321 2971 543 3070 *Eumnplic
557 2998 606 3046 on
615 2998 741 3070 prauo
757 2997 798 3044 ee
822 2999 903 3060 oar,
917 2972 977 3046 nel
990 2985 1104 3061 recto,
1112 2967 1299 3075 probabo?

324 3070 496 3166 Quisque
514 3071 610 3145 scire
627 3071 740 3170 cupit,
759 2999 821 3145 ved
831 3072 992 3169 quisque
1009 3075 1173 3148 scribere
1188 3057 1317 3147 cudat:

322 3169 424 3242 Ante
441 3179 541 3244 stare
558 3170 662 3244 decet
676 3196 782 3269 quum
794 3171 878 3245 dico
890 3180 927 3245 et
942 3197 1077 3270 soporo
1093 3172 1262 3248 verdum:

163 3269 307 3363 [1065]
327 3267 427 3343 Ante
444 3267 703 3345 Stesichorum
718 3280 834 3344 votem
851 3281 985 3345 notura
1009 3273 1170 3346 creavit:

331 3367 471 3442 Ultima
482 3369 620 3443 vocalia
630 3394 817 3444 reinonem
833 3371 959 3466 influe
974 3372 1127 3445 trochaei

322 3467 528 3568 Excipitur
541 3469 699 3569 geminis
714 3470 797 3569 quir
805 3471 1000 3567 procimnr
1011 3471 1178 3544 exoritur
1186 3491 1259 3568 pen
1271 3495 1287 3554 ,·

326 3564 427 3654 ΟΜ,
445 3593 649 3665 quanquam
666 3570 791 3670 cupite
806 3569 962 3644 ulterior
977 3570 1079 3644 verbi
1091 3579 1291 3658 terreantur,

325 3665 518 3758 Seffoiant
533 3677 634 3741 retro
651 3670 748 3743 vireo
761 3679 799 3742 et
814 3680 954 3770 tenqruo
969 3678 1125 3768 oportet.

275 3811 422 3886 Deinde
437 3812 502 3885 liu.
521 3812 588 3886 ult.
618 3816 801 3908 [=1073,
813 3816 873 3908 4.]

325 3911 456 4008 Incipe
470 3913 504 3984 oi
518 3913 673 3987 dicaret
689 3915 787 3989 scire
800 3923 866 3989 out
881 3911 1194 4011 scriberejungor

325 4010 499 4086 Creticus
515 4011 671 4106 ffoitor
682 4053 780 4070 --

315 4214 344 4268 2.
363 4207 471 4270 Eurrro
483 4207 798 4274 HmaourmCouua·
849 4209 1011 4272 Grammat.
1023 4231 1052 4289 p.
1076 4212 1146 4270 666.
1162 4207 1209 4268 ed.
1230 4207 1330 4288 steph.
1347 4218 1377 4270 et

275 4303 351 4357 nnn,
363 4287 401 4346 R.
414 4286 450 4347 Β.
848 4291 879 4354 in
892 4291 1050 4372 exemplari
1065 4309 1119 4350 suo
1128 4287 1168 4350 R.
1180 4287 1216 4348 B.

317 4370 344 4423 5.
363 4365 466 4428 eoam
489 4367 561 4430 nidi
580 4367 707 4432 Manutii
728 4370 799 4432 [nst.

1026 4477 1070 4544 12
