3032 4958
575 434 790 494 maruno.
1077 415 1233 490 *xxxvii

103 633 240 688 eruere
258 621 396 714 atque
426 613 467 689 in
490 613 615 690 lucem
631 615 824 689 retrahere
840 613 991 703 nititur,
1022 614 1087 690 illi-
1103 625 1236 692 metuo

106 749 149 812 ut
161 737 300 814 desint
319 737 512 826 subsidia,
526 761 611 836 quae
628 763 677 814 ex
694 739 830 814 intimo
847 741 1059 838 augurandi
1076 743 1238 820 artificio

110 885 318 958 nunquam
337 863 554 962 depromet.

163 987 272 1062 Huic
308 987 426 1066 alteri
455 985 616 1062 editioni
652 987 921 1064 Sanctamandr'
953 992 1239 1072 observationes

120 1112 160 1188 iu
176 1112 392 1188 Carnicum
409 1111 543 1201 debeo,
565 1121 605 1188 et
621 1110 668 1188 iis
686 1113 869 1210 quasdam
887 1115 1068 1192 Matthaei
1086 1119 1241 1218 Ropen'

122 1237 338 1336 exemplari
362 1236 631 1336 suppeditatas
660 1261 738 1312 uon
764 1263 922 1338 prorsus
950 1250 1094 1317 temere
1123 1243 1239 1318 inter·

124 1361 250 1460 posui.
295 1362 360 1436 Ex
377 1362 514 1437 eodem
532 1361 638 1437 fonte
653 1363 895 1438 Truwrurrr
912 1376 992 1442 tam
1003 1367 1241 1444 humanitate

123 1486 244 1565 animi
263 1509 382 1584 quam
395 1485 579 1562 comitate
593 1509 744 1561 morum
755 1489 899 1564 nemini
912 1489 1081 1580 secundi,
1091 1515 1240 1567 necnon

125 1610 325 1710 exquisita
341 1619 383 1686 et
400 1609 584 1709 singulari
602 1611 818 1689 eruditione
831 1613 931 1688 iuter
948 1637 1026 1690 suae
1043 1615 1166 1690 aetatis
1182 1614 1240 1690 in·

126 1749 277 1836 genuos
306 1735 419 1814 facile
450 1735 646 1838 principis,
679 1736 915 1814 schediasma
942 1739 991 1814 ad
1020 1739 1241 1816 Dawesium

126 1861 253 1940 hausi.
306 1861 414 1936 Alias
444 1860 559 1936 etiam
578 1859 737 1937 schedas
755 1863 850 1938 meis
873 1862 1008 1938 usibus
1025 1864 1242 1942 humaniter

127 1987 327 2064 concessit
349 1987 511 2063 Thomas
534 1986 776 2086 Tyrrolu'ttru,
792 1986 894 2062 illius
911 1987 1163 2086 propinquus,
1178 1988 1241 2064 cui

128 2112 278 2188 idcirco
295 2133 368 2211 pro
393 2109 469 2186 boc
486 2133 643 2186 munere
660 2110 808 2188 debitas
837 2135 911 2210 ago
937 2135 1129 2210 agamque
1154 2135 1240 2210 gra·
1331 2165 1334 2170 ,

128 2235 215 2312 tias.
270 2235 387 2320 Quod
411 2232 693 2310 dedicationem
718 2236 809 2312 huic
833 2236 927 2312 Viro
950 2238 998 2312 ab
1024 2237 1148 2312 amico
1171 2259 1243 2312 suo

125 2359 329 2460 profixam
345 2359 574 2436 servandam
600 2359 825 2448 curaverim,
853 2369 981 2436 totum
1011 2361 1097 2450 hoc,
1122 2361 1245 2436 lector

125 2485 315 2582 benigne,
337 2494 432 2584 peto
449 2494 565 2583 atque
584 2483 766 2584 efflagito,
793 2492 840 2558 ut
862 2485 1115 2562 observantiae
1132 2486 1246 2562 boue·

125 2607 390 2707 volentiaque
420 2610 564 2708 potius,
590 2633 706 2708 quam
731 2607 864 2684 'inanis
899 2608 1032 2706 gloriae
1062 2611 1244 2709 aucupio,

126 2725 341 2834 acceptum
374 2733 517 2810 relerre
544 2736 649 2814 velis.
701 2733 853 2810 Merces
877 2757 1030 2830 quoque
1058 2735 1246 2832 pretiosas

130 2859 352 2948 Banuuau,
372 2859 441 2957 qui
459 2884 651 2938 summum
668 2859 831 2938 Critices
850 2857 1108 2958 principatum
1125 2869 1245 2955 tenet,

133 2982 182 3060 in
209 2983 307 3060 meis
332 2985 658 3062 adnotatiunculis
688 3009 765 3060 nou
798 3007 883 3059 raro
913 2982 1092 3083 reperies.
1146 2984 1247 3058 Poa-

129 3133 261 3186 sorvus
291 3109 420 3198 etiam,
445 3110 513 3208 qui
541 3111 719 3187 Bentleio
748 3110 864 3186 unico
894 3108 1017 3184 fasces
1043 3109 1247 3198 submittit,

131 3235 316 3312 Dmaeeio
345 3259 416 3310 suo
439 3259 553 3333 opem
581 3234 842 3333 auxiliumque
868 3234 1059 3322 contulit,
1097 3234 1247 3310 addita·

133 3370 271 3438 menta
297 3383 346 3436 ex
371 3360 591 3459 exemplari,
618 3361 724 3459 quod
751 3361 857 3436 mihi·
874 3359 1060 3436 benevole
1078 3360 1246 3448 donavit,

133 3484 336 3586 descripta
369 3486 451 3561 suis
478 3486 571 3563 locis
601 3485 747 3584 adjeci:
774 3486 963 3561 accedunt
998 3495 1038 3561 et
1073 3483 1246 3582 ejusdem

134 3613 224 3700 alia,
240 3609 351 3710 quasi
368 3611 590 3711 praesidium
607 3620 647 3686 et
665 3618 931 3686 ornamentum
948 3609 1138 3698 Daroecla
1155 3633 1247 3708 quo-

135 3759 226 3810 rum
242 3734 435 3835 inspectio
461 3733 701 3808 humanitate
719 3734 791 3810 viri
814 3733 1035 3810 amicissimi
1060 3734 1155 3810 mihi
1182 3759 1247 3812 ce·

138 3860 280 3936 debat:
298 3860 322 3934 J
326 3858 497 3936 uveniles
509 3855 735 3958 plerumque
753 3869 868 3948 notar,
881 3869 1131 3971 veruntamen
1148 3860 1249 3938 Poa-

141 4007 228 4062 sorvr
249 3982 424 4086 juvenis,
449 3981 544 4080 qua's
572 3984 786 4070 extuderat,
812 3985 905 4060 dum
922 3986 1162 4062 accrescebat
1179 4007 1248 4084 po-

142 4111 213 4188 tius
232 4133 353 4212 quam
373 4105 501 4182 adhuc
519 4107 739 4184 adoleverat
755 4107 897 4206 linguae
914 4109 1062 4186 notitia

182 4239 235 4316 At
256 4237 329 4314 Vir
346 4233 415 4308 ille
432 4231 697 4320 amicissimus,
714 4231 825 4330 cujus
846 4257 984 4310 nomeu
1001 4234 1151 4311 cunctis
1167 4231 1249 4331 pie·

137 4367 218 4446 ldlls
236 4361 387 4448 officiis
419 4380 644 4456 prosequor,
661 4358 885 4442 ἀνεπίληπτον
911 4359 1063 4444 iurantia
1089 4359 1180 4452 βίον,
1199 4358 1248 4434 ad

121 4499 251 4606 plures
291 4481 488 4566 decessit
536 4482 712 4558 Doanmo
739 4483 884 4581 majora
910 4483 1033 4558 indies
1059 4492 1098 4558 et
1127 4482 1249 4580 magis

112 4637 228 4722 praua
246 4609 484 4710 meditanti
495 4611 631 4686 acerba
643 4608 781 4686 sativis
792 4606 1016 4683 intercessit.
1070 4608 1246 4684 Vidimus
