3118 4948
1303 885 1374 954 188

661 1137 826 1202 ..τ-’μ’

178 1403 323 1478 Ictunnr
340 1405 417 1480 siue
434 1414 644 1478 accentuum
658 1407 757 1480 ratio
775 1430 803 1480 u
819 1407 946 1506 poetis
963 1405 1109 1481 Atticis
1125 1419 1283 1484 remota.

230 1503 520 1580 Emendationes
554 1503 699 1579 selectoe
742 1508 780 1581 in
813 1505 984 1608 singulas
1017 1507 1288 1606 Αήεὶφήωιίσ

212 1601 385 1702 sabulum.
453 1603 711 1680 Emendantur
741 1605 779 1681 in
811 1615 1026 1684 transcursu
1063 1605 1287 1714 Euripides,

159 1727 162 1734 ·
230 1701 443 1800 Sophocles,
469 1700 684 1801 AEs‘ekyluu.

178 1971 269 2045 Cum
286 1972 327 2046 in
344 1972 517 2070 subjecto
535 1971 844 2052 emendationum
861 1971 1011 2052 delectu
1033 1974 1181 2050 ictuum
1205 1975 1285 2051 sive
1305 2007 1398 2060 sucu.

177 2081 407 2146 accentuum
435 2073 580 2148 mentio
609 2073 770 2150 subinde
799 2082 1144 2156 oeconomorum
1171 2075 1397 2178 ratio-L

176 2193 263 2246 nem
292 2171 333 2245 in
362 2172 492 2246 metris
518 2173 734 2272 precipuis,
759 2173 922 2248 iambica
946 2173 1045 2260 dico,
1078 2175 1283 2262 trochaice,

177 2280 217 2345 et
245 2271 533 2370 anapaesticus
560 2273 685 2372 poetis
714 2273 855 2348 Atticis
886 2283 1072 2352 servatum
1101 2273 1196 2350 libet
1222 2275 1284 2350 hic

177 2371 318 2468 pruvie
334 2393 537 2470 exponere.
591 2373 718 2447 metra
734 2372 897 2450 iambica
919 2381 1053 2452 notum
1071 2383 1130 2448 est
1146 2382 1284 2472 praeter

76 2462 82 2476 “
177 2469 358 2550 iambum.
387 2471 445 2545 uti
469 2479 511 2546 et
536 2471 731 2550 trochaica
757 2481 899 2574 proeter
923 2471 1143 2559 trocheum,
1168 2473 1284 2570 pedes

176 2569 347 2668 recipere
376 2570 606 2690 tribrachyn,
634 2571 859 2672 spondeum,
896 2570 1099 2669 dactylum,
1129 2579 1170 2645 et
1197 2593 1284 2645 ana-

175 2680 350 2767 paestum.
403 2669 448 2744 In
478 2670 572 2770 ipsrs
606 2671 732 2750 iambo
767 2681 807 2748 et
839 2669 1018 2758 troohaeo,
1057 2693 1147 2744 cum
1177 2671 1284 2748 illum

176 2769 329 2866 syllnbre
356 2769 467 2846 brevi
494 2771 621 2870 longa,
648 2771 751 2850 hunc
781 2771 905 2868 longae
947 2769 1072 2846 brevis
1111 2769 1284 2866 subjectu

175 2869 450 2956 constituerem
486 2871 704 2969 postulabat
732 2871 789 2946 rei
822 2870 976 2945 musicae
1005 2870 1210 2945 necessitas
1240 2879 1284 2944 ut

174 2979 377 3044 occentum
409 2969 534 3068 longoe
580 2972 690 3048 sedes
728 2969 1012 3050 determinaret.
1082 2969 1283 3068 Spondeus

176 3077 318 3158 autem,
344 3093 434 3146 cum
450 3094 499 3146 ex
515 3070 663 3151 dualmn
679 3071 805 3170 longis
823 3078 1028 3160 constaret,
1046 3070 1218 3172 adeoque
1235 3069 1285 3145 od

175 3166 276 3244 ictus
291 3169 421 3246 sedem
472 3194 514 3248 er
539 3195 582 3248 re
597 3171 709 3274 plone
725 3180 826 3248 esset
851 3169 1080 3258 indifferens,
1104 3171 1140 3247 ei
1157 3178 1285 3244 autem

175 3291 245 3366 pes
263 3277 423 3367 uterque
442 3193 490 3348 ie
507 3271 621 3348 certis
647 3271 801 3350 sedibus
827 3293 974 3348 summa
998 3294 1086 3348 cum
1104 3269 1285 3348 comitate

175 3367 352 3456 oederet;
379 3367 481 3444 haud
495 3371 588 3446 levis
605 3369 778 3462 profecto
803 3369 1051 3446 contumaciae
1067 3367 1285 3466 arguendus

176 3467 339 3556 venerit,
373 3469 414 3546 ni
442 3469 482 3546 in
511 3493 625 3549 versu
657 3470 820 3550 iambico
851 3469 980 3562 iambi,
1018 3468 1059 3546 in
1091 3465 1286 3546 trochaico

178 3566 336 3644 uochoei
355 3569 541 3654 rationem
567 3570 790 3650 commodus
806 3567 975 3647 vicissim
999 3589 1044 3646 uo
1060 3565 1211 3664 pauens
1226 3589 1285 3644 ee·

176 3676 358 3768 queretur
371 3670 391 3742 ².
438 3669 670 3768 Tribrochys
685 3668 858 3743 similiter
869 3665 961 3842 peleti
977 3667 1130 3763 utrique
1142 3689 1287 3742 morem

175 3769 344 3882 gerebat.
398 3767 444 3841 In
471 3777 596 3846 metro
617 3769 751 3870 utique
769 3770 792 3814 ⁵
807 3766 885 3840 iam
911 3766 969 3844 ‘eo
997 3767 1038 3844 in
1068 3767 1287 3856 secundum,
1301 3779 1372 3850 189

178 3889 218 3940 rn
249 3867 441 3947 trochaico
483 3869 524 3948 in
550 3868 712 3968 primam
739 3867 861 3942 ictum
892 3867 1027 3944 cadere
1054 3867 1284 3968 patiebatur.

180 3965 365 4064 Dactylus
395 3967 561 4066 denique
596 3977 638 4046 et
665 3976 879 4066 anapestus
905 3967 946 4046 iu
975 3975 1139 4065 utroque
1164 3976 1287 4047 metro

177 4067 351 4163 spondei,
369 4076 509 4168 utpote
530 4067 595 4142 oui
623 4066 919 4166 sequipollerent,
947 4067 1103 4165 ingenio
1124 4089 1207 4140 sese
1222 4087 1285 4138 no·

179 4168 482 4244 commodabunt.
547 4167 663 4242 Haud
691 4167 923 4242 dissimiliter
952 4167 992 4240 in
1036 4175 1158 4242 metro
1202 4185 1289 4238 unu·

178 4267 350 4366 pustino,
374 4291 463 4342 cum
480 4267 520 4344 in
542 4266 663 4368 ipsius
685 4265 1067 4368 unnpaestiultimam
1095 4265 1198 4342 ictus
1224 4284 1289 4340 ue·

578 4494 604 4549 1.
628 4492 702 4551 Hor.
718 4490 755 4551 A.
770 4491 805 4550 P.
821 4493 891 4550 257.

783 4619 804 4667 Ζ
826 4619 846 4668 Ζ
