3080 4942
672 383 746 454 565

409 595 411 598 ’
453 583 502 652 Τα
519 611 575 662 της
592 583 712 660 πολεος
730 580 811 652 itot-
896 591 898 598 ’

456 711 522 752 κειν
537 711 697 778 αργυριον
714 699 830 777 φερων·

505 781 582 852 Αλλ
599 783 676 861 ἡκεν
693 779 826 862 ἕκαστος

457 883 505 951 Εν
522 881 653 977 «antiq»
668 898 772 978 φερωο

453 986 558 1067 nme,
574 979 637 1072 ἆμο
655 1011 674 1050 τ
691 1013 792 1080 ορτον
809 1015 860 1069 αν,

452 1084 626 1154 ΚΑΙΣΩΣ
643 1083 700 1154 δυο
716 1113 879 1180 κρομμυιο,

503 1185 568 1253 Κοι
582 1213 669 1280 τρεις
686 1214 727 1253 αν
743 1185 853 1264 tione·

453 1283 536 1354 Νυνι
553 1282 585 1354 δε
603 1282 791 1378 τριωβολον

453 1385 589 1461 Ζητουσι
604 1382 722 1476 iatius
739 1379 820 1456 ὅταν

453 1487 628 1578 Πραττωσι
645 1517 677 1556 τι
693 1515 804 1556 κοινον
821 1485 885 1556 ὧσ-

150 1577 249 1673 [20]
497 1611 559 1682 περ
577 1588 852 1681 πηλοφορουντες.

148 1727 267 1827 Apud
296 1727 454 1806 Suidum
475 1741 582 1808 recte
599 1731 730 1808 haberi
753 1731 792 1817 ὃς
810 1769 850 1807 ιι
872 1733 954 1832 jam
970 1731 1146 1810 diximus.
1198 1733 1259 1807 Ex

65 1919 67 1926 ι
148 1829 285 1904 eodem
301 1831 543 1928 reposuimus
559 1866 774 1927 κεκονιμενος,
800 1833 860 1910 uti
879 1844 918 1910 et
937 1836 1170 1936 ποριχορδιεις
1188 1856 1259 1933 pro

147 1953 245 2007 voce
262 1929 368 2004 nihili
386 1935 625 2034 παροχορδιρς.
678 1935 740 2010 Ex
757 1933 854 2024 istis,

249 2089 403 2184 Στεργων
421 2086 633 2184 σκοροδαλμρ
649 2121 692 2180 μη
710 2089 822 2161 διοσειν
836 2089 1039 2188 τριωβολον,

147 2234 307 2309 unicum
321 2257 475 2311 versum
492 2233 772 2311 conficiendum
796 2259 879 2312 esse
901 2235 1023 2335 liquet
1039 2257 1088 2310 ex
1105 2237 1257 2334 dactylo

146 2342 188 2410 et
204 2335 346 2411 cretico
364 2334 517 2432 syllabae
534 2335 595 2411 vel
611 2336 719 2411 brevi
736 2335 797 2411 vel
818 2337 944 2452 longae
963 2333 1152 2452 subjectis
1169 2359 1257 2410 con-

145 2443 323 2511 stantem.
374 2436 506 2510 Hubes
524 2445 664 2524 autem,
685 2436 790 2533 quod
806 2437 917 2511 nobus
934 2457 1061 2510 vusum
1078 2443 1136 2509 est
1153 2457 1256 2510 oom-

142 2535 417 2612 modissimum.
471 2536 626 2635 Quippe
649 2537 793 2633 absque
814 2535 890 2613 isto
916 2534 1058 2612 auxilio
1079 2569 1120 2622 μη
1143 2537 1255 2611 iusso·

145 2638 379 2736 *τριοβολοη
419 2637 523 2736 quod
554 2636 838 2735 Glossographo
876 2644 1079 2736 acceptum
1114 2634 1250 2726 refero,
1266 2649 1341 2720 314

142 2736 255 2835 plenu
280 2737 372 2813 satis
401 2747 461 2813 est
488 2736 633 2812 oratio:
671 2761 755 2812 nam
788 2736 1043 2812 interminatus
1076 2746 1134 2811 eut
1158 2736 1255 2811 theu-

143 2837 301 2913 motheto
325 2839 373 2926 ei,
409 2839 474 2938 qui
499 2864 571 2914 οοιι
596 2837 722 2938 prium
754 2861 869 2926 οιανιο,
900 2838 1029 2935 effusis
1062 2837 1253 2914 etiamnum

185 3044 232 3110 10,
249 3043 296 3100 11.
317 3041 361 3099 Τὰ
374 3049 425 3110 τῆς
438 3043 548 3107 πόλεως
563 3039 615 3100 διοι
631 3037 638 3120 Ι
656 3047 725 3111 τεῒν,
739 3039 879 3120 ἅργίιριον
891 3042 994 3119 φέρον.

183 3126 231 3194 12,
247 3126 296 3181 18.
316 3124 398 3181 Ἀλλ’
412 3119 478 3200 ᾗκεν
490 3121 607 3188 ’ἕκαστος
624 3123 629 3200 Ι
647 3121 679 3181 ἐν
693 3120 809 3202 ἂστιδίρ
821 3123 915 3200 φέρον

184 3207 231 3272 14,
249 3207 296 3262 15.
317 3207 400 3264 Πιεῖν
413 3205 476 3280 ἅμα
489 3207 512 3262 τ’
524 3202 612 3280 ἄρτον
627 3199 635 3282 Ι
654 3198 690 3260 αὖ
704 3205 750 3261 καὶ
765 3201 814 3262 tto
827 3200 967 3281 κρομμύω.

182 3287 229 3356 16,
246 3287 293 3346 17.
315 3287 373 3343 Καὶ
384 3291 459 3362 τρεῖς
472 3285 511 3343 ἂν
524 3282 623 3353 ἐλάας,
639 3279 646 3362 Ι
667 3285 731 3342 νυνὶ
744 3281 774 3342 δὲ
788 3279 948 3361 τριώβολον

182 3369 229 3435 18,
246 3369 294 3424 19.
316 3369 435 3437 Ζητοῦσι
448 3361 564 3438 λαβεῖν,
576 3364 646 3424 ὅταν
664 3361 669 3444 Ι
686 3363 832 3442 πράττωσί
846 3387 873 3421 τι
886 3361 982 3421 κοινὸν
996 3364 1047 3428 ὥς·

240 3449 290 3504 20.
312 3450 371 3522 Περ
383 3449 621 3524 πηλοφοροῦντες.

182 3619 229 3675 lo.
252 3611 371 3692 [πόλεος
383 3615 451 3674 vide
462 3616 502 3674 11.
512 3617 551 3674 P.
563 3614 601 3674 sd
611 3613 670 3674 Av.
720 3616 809 3675 uariis
822 3633 975 3675 occurrere
989 3618 1108 3688 πόλεως,
1129 3613 1249 3696 ὕβρεος,

142 3697 208 3757 813.
244 3693 326 3756 Nub.
354 3715 384 3774 p.
410 3699 478 3754 11³.
505 3696 549 3764 (v.
578 3699 667 3756 1075.
721 3692 782 3755 &u
803 3695 962 3775 trisyllaba,
983 3695 1038 3756 uisi
1056 3698 1106 3757 ubi
1124 3713 1249 3759 metrum

140 3775 213 3855 Bu).
247 3773 327 3837 Εἶεν.
346 3773 460 3854 πάρειμ’
484 3776 613 3836 ε’ντεῦθεν
637 3775 668 3844 ἒς
719 3776 846 3855 potiatur
879 3779 991 3848 πόλεος,
1027 3775 1140 3856 ὕβρεος,
1185 3775 1247 3840 &o

141 3861 190 3926 τὰς
200 3868 251 3929 τῆς
264 3857 372 3940 φύσεος
385 3855 527 3932 ἀνάγκας.
553 3857 666 3934 Dacty·
719 3855 811 3924 Quod
824 3877 882 3918 uon
894 3858 1002 3938 fugisse
1013 3859 1128 3920 videtur
1142 3861 1248 3920 Daue-

140 3937 184 3998 1αι
202 3939 277 4000 male
296 3939 420 4000 habetur
440 3957 495 4016 pro
510 3935 665 4010 Trochaeu
717 3937 820 4000 sium.”
838 3938 982 3999 Dobvaeus
999 3940 1029 4000 in
1049 3939 1186 4002 Addeud.
1208 3941 1246 4000 ad

140 4019 230 4078 scribe
240 4020 328 4098 igitur
336 4021 389 4086 τὰς
399 4028 451 4090 τῆς
458 4017 560 4100 φύσεος
570 4021 665 4093 ἀνάγ·
717 4018 818 4099 Equis.
834 4025 883 4079 32.
898 4040 927 4098 p.
939 4017 1051 4100 (126).]

140 4121 195 4170 τας,
216 4112 250 4159 ut
272 4101 302 4160 in
323 4100 410 4161 Pluto
431 4120 462 4179 p.
477 4104 526 4159 49.
546 4099 666 4179 (1045.)
757 4105 805 4172 14,
820 4104 868 4160 15.
890 4100 947 4182 leg.
962 4101 1035 4161 ἕν-,4
1048 4107 1106 4161 καί.

139 4179 255 4240 Τᾶλα1ν’
276 4181 333 4256 ἐγὼ
351 4190 402 4252 τῆς
418 4178 521 4260 ὕβρεος
534 4178 664 4259 νΙςῦβρί-
757 4185 804 4240 16.
826 4177 899 4260 [Th.
924 4181 1009 4260 Mag.
1033 4182 1107 4240 ε’λᾶα
1128 4185 1175 4241 καὶ
1198 4184 1244 4242 ἐπὶ

141 4261 233 4331 ζομεν.
270 4259 444 4322 anmms
477 4263 601 4322 Kustero
634 4261 664 4322 ι’τι
713 4269 763 4321 τοῦ
784 4270 893 4341 καρποῦ
915 4265 960 4322 καὶ
982 4263 1028 4322 isi
1049 4270 1097 4321 τοῦ
1118 4262 1243 4343 δένδρον,

141 4339 214 4400 Μαι.
246 4341 321 4401 Crit.
357 4343 486 4402 N⁰.v11.
528 4363 558 4422 p.
591 4346 662 4403 449.
713 4351 838 4420 κρεῖττον
859 4343 878 4412 ἣ
896 4341 992 4404 ἐλαία.
1014 4341 1102 4405 Conf·
1115 4344 1242 4406 Brunclt.

142 4427 159 4458 *⁴
168 4421 266 4498 Addo,
280 4443 346 4488 raro
359 4424 388 4484 iu
398 4423 602 4506 Aristophanis
616 4443 662 4485 ιε·
712 4423 751 4486 ad
766 4423 825 4488 Av.
841 4421 927 4504 617.]
