3148 4936
697 411 745 484 31

171 601 306 694 dubito
337 604 432 704 qnin
466 599 663 704 scripserit
697 601 963 693 Terentianus,
1001 627 1073 704 son
1112 611 1278 704 egentem
1289 625 1389 681 snos.-

169 705 334 790 subsidi5
358 729 436 782 nno
462 703 621 803 negotio
638 725 774 779 sunum
790 703 1028 780 trocheicum
1056 726 1102 779 uc
1126 714 1278 780 senten·
1320 695 1343 744 ι

170 805 266 881 tium
279 828 394 904 quum
405 803 821 903 muximeperspicuom
835 803 1014 878 hebebis:
1041 813 1082 877 ut
1097 797 1391 880 mechom*

168 907 313 1004 qumodo
334 905 470 1004 plures
492 927 658 981 eonem
685 912 816 1002 sponte
837 903 1063 1003 productam
1094 903 1277 1000 syllabam

168 1014 373 1103 sequentur,
402 1027 448 1080 cc
482 1001 643 1102 proinde
670 1028 741 1078 uos
768 1013 934 1102 egentem
960 1002 1023 1078 vel
1050 1024 1183 1096 eorum
1213 1003 1276 1078 vel

168 1103 263 1178 nlius
280 1102 494 1202 cujuspiam
509 1101 659 1176 subsidi.
712 1104 902 1179 Coeterum
926 1100 1041 1200 hujus
1060 1107 1081 1148 ·
1098 1101 1274 1178 emendo·
1312 1107 1338 1180 'i

167 1203 281 1278 tionis
296 1203 406 1300 sique
421 1202 473 1277 sit
489 1201 584 1288 leus,
600 1203 743 1278 seviro
761 1202 912 1276 cuidem
924 1201 1147 1276 doctissimo
1158 1197 1183 1240 ¹⁶
1195 1224 1275 1276 me·
1437 1205 1440 1212 ’

167 1325 256 1376 cum
281 1302 531 1378 communiter
548 1301 735 1378 debetur:
761 1301 824 1375 cui
852 1324 942 1376 cum
958 1301 1000 1374 in
1023 1323 1158 1376 manue
1187 1323 1274 1398 quoe

166 1400 230 1476 bic
252 1400 462 1476 dictasunt
478 1399 707 1498 perlegendo
719 1399 969 1486 tradidissem,
981 1399 1110 1496 ipsum
1120 1399 1275 1476 interim

166 1501 331 1599 cognovi
347 1500 484 1576 eodem
502 1499 619 1576 modo
635 1499 739 1574 bunc
754 1498 884 1575 locum
899 1498 1107 1574 refinxissc.

166 1649 222 1725 lb.
235 1649 261 1724 l.
280 1655 330 1724 22
349 1651 434 1745 [=
450 1649 562 1744 618.]
768 1763 771 1770 y

263 1797 297 1876 I
303 1797 424 1874 medic
439 1821 547 1897 quum
562 1795 707 1870 beatur
722 1793 808 1871 linc
818 1805 857 1870 et
871 1793 956 1870 hinc
971 1794 1171 1892 vocalium]

29 2013 32 2022 .
165 1948 257 2046 Peg.
278 1956 462 2064 sequente
477 1947 502 2024 l.
521 1953 545 2022 4
564 1945 646 2042 [ε
662 1947 774 2042 630.]
793 1946 900 2021 istud
915 1945 1105 2021 occurrit:

222 2097 262 2172 V
272 2098 443 2174 sinuum
458 2096 725 2186 eiconlocetur,
741 2105 783 2171 ut
796 2093 905 2172 favor
921 2119 1029 2195 quum
1044 2093 1247 2171 scribimus.

164 2229 313 2330 Syllaba
331 2262 406 2316 unc
427 2264 495 2314 con
518 2257 720 2338 perperam
747 2235 872 2312 locuta
900 2235 998 2311 duos
1023 2258 1155 2312 versus
1183 2259 1273 2312 con·

161 2335 373 2412 seminavit.
424 2339 471 2413 ln
488 2340 615 2436 priore
641 2337 775 2433 utique
800 2331 1060 2423 desideratum
1085 2335 1126 2411 in
1150 2335 1270 2411 altero

160 2433 361 2512 redundat.
415 2437 478 2511 Tu
503 2437 683 2535 deinceps
707 2435 806 2531 lege,
829 2435 863 2507 Ι
883 2434 1004 2509 medio
1018 2459 1125 2536 quum
1142 2433 1270 2510 conio·

160 2542 272 2607 estur
284 2557 295 2606 c
309 2533 334 2578 ¹¹
358 2542 410 2620 et,
435 2535 658 2611 Veimiiiter
673 2533 708 2609 si
723 2534 884 2608 locetur.

160 2692 252 2793 Peg.
272 2700 334 2773 31.
352 2696 374 2770 l
394 2703 441 2772 12
459 2695 542 2792 [=
557 2699 667 2794 eeu]

209 2844 383 2944 Namque
407 2868 538 2942 equos,
567 2845 626 2920 oei
653 2866 795 2944 equor,
826 2847 1008 2942 questus,
1035 2850 1103 2916 out
1131 2865 1271 2942 equom

312 2945 637 3044 puemcceibinuec]

159 3075 294 3152 Lectio
324 3087 480 3177 recepto
500 3089 636 3154 contre
663 3078 777 3154 metri
805 3074 993 3154 trochaici
1021 3079 1210 3156 rationem
1224 3080 1266 3158 in

158 3177 249 3251 sede
273 3177 387 3252 tertie
415 3178 627 3278 spondeum
652 3179 818 3278 praeiert.
870 3173 986 3259 Quod
1015 3185 1060 3253 ut
1087 3175 1268 3282 deinceps

158 3275 336 3363 evitetur,
351 3276 559 3375 legendum
571 3287 643 3367 est,

208 3413 382 3514 Namque
398 3437 533 3511 equos,
545 3438 729 3515 aequoroe,
745 3423 1030 3516 questus.—

156 3631 272 3704 dicere3
293 3653 371 3707 mm.
395 3653 463 3695 cnm
484 3637 515 3696 id
528 3656 622 3716 genus
635 3636 685 3708 sis,
735 3635 822 3704 Quos
856 3655 944 3716 super
975 3635 1104 3700 insidens
1135 3649 1263 3718 trspetos

156 3713 238 3790 quod
256 3713 353 3784 video,
373 3727 407 3774 ut
428 3716 490 3776 sine
507 3715 623 3795 jectum
643 3718 687 3777 tui
735 3717 907 3797 aignagyru
914 3717 1263 3798 ceperas-legendnm

155 3811 269 3871 pecces,
283 3793 354 3855 nibil
366 3795 473 3873 perdes
485 3809 584 3858 utrum
602 3795 685 3858 dixe·
734 3811 781 3857 est
793 3816 872 3868 veto,
894 3795 965 3864 Quo
983 3818 1071 3880 super
1083 3799 1187 3859 sedens
1201 3811 1266 3861 nn-

156 3871 224 3932 sis.''
244 3871 359 3934 Gellius
371 3875 514 3947 nuxix.
734 3877 910 3957 petosigns
925 3879 1262 3958 gyrutmpms-An-

734 3957 867 4017 nonsibi
891 3959 1006 4018 cavebis
1025 3959 1064 4019 dc
1087 3959 1189 4020 Servio
1209 3961 1261 4039 qni

197 4035 245 4092 16.
266 4032 411 4106 Fortem,
430 4035 535 4096 Joonoi
551 4035 684 4116 Toyioro,
733 4055 824 4096 unum
836 4036 1063 4100 infelicissimum
1082 4040 1279 4108 nocbsicusn.

154 4109 263 4172 leno.
304 4115 419 4194 hgusn
447 4115 612 4178 Atticarum
639 4117 684 4176 in·
733 4117 827 4176 tribus
835 4116 999 4178 infortuniis
1008 4121 1162 4180 mscteviti
1175 4119 1260 4178 Tun·

154 4194 309 4254 munsteri
318 4195 496 4256 icbcissimo·
733 4215 839 4256 conns.
881 4195 1120 4276 Supmidcnsex
1145 4197 1260 4258 Veneto

732 4275 868 4336 assumsit
881 4275 1040 4338 Smne.
1062 4280 1112 4356 qui
1131 4278 1169 4337 sd
1190 4281 1259 4340 987.

197 4353 246 4412 li.
268 4351 342 4412 ibid
354 4373 384 4432 p.
397 4355 477 4416 izi.
491 4351 583 4434 l.[=
594 4353 683 4436 teu]
732 4358 867 4416 observet
891 4357 1020 4418 “Servii
1038 4371 1126 4418 estote
1146 4355 1258 4418 Teren·

154 4429 197 4519 sie
210 4430 282 4494 citet
295 4431 415 4498 Servius
427 4435 467 4499 ed
476 4433 551 4500 Geo.
564 4455 597 4510 n,
612 4441 685 4500 tlt,
732 4435 994 4518 uniuemplnis
1005 4457 1069 4500 esse
1082 4437 1247 4520 coneptu&
1263 4473 1266 4485 ·

305 4541 342 4602 16

1186 4861 1307 4900 ,Δ
1455 4870 1468 4897 1
