3032 4958
553 849 803 956 suerro
842 875 877 958 1.

621 1195 819 1238 m

165 1393 171 1402 ⁰
212 1420 506 1494 Emendationcs
522 1421 666 1497 relecta
682 1424 722 1496 in
745 1423 1004 1508 Terentinum
1021 1413 1210 1510 Moerim.

163 1641 427 1716 Trnnnrrsrro
446 1665 517 1716 usu
543 1643 691 1719 venisse
717 1644 983 1746 comperimus,
1007 1655 1050 1720 ut
1075 1645 1267 1722 fortunam
1279 1670 1368 1718 secr.

163 1739 413 1837 Hesychisnae
454 1765 568 1846 quem
607 1742 771 1828 maxime
812 1743 1012 1840 gemellam
1053 1744 1170 1820 fuerit
1203 1769 1267 1820 err-
1278 1733 1378 1839 „L-

162 1851 292 1937 pertus
303 1843 326 1914 ¹.
365 1841 535 1916 Tantum
551 1865 629 1916 non
645 1844 741 1918 adeo
761 1851 867 1920 totus
885 1853 1044 1940 uterque
1062 1844 1267 1932 intercidit,

162 1951 205 2013 ut
220 1939 379 2014 unicum
392 1940 591 2038 utriusque
607 1941 797 2040 exemplar
808 1943 1010 2039 aliquando
1024 1943 1265 2040 superfuerit.

162 2039 297 2136 Neque
315 2040 436 2138 igitur
447 2041 574 2114 mirari
587 2044 718 2116 subest
731 2042 831 2116 illius
843 2042 1000 2140 perinde
1017 2053 1132 2140 etque
1149 2043 1266 2128 hu’us

159 2139 341 2235 reliquias
366 2139 640 2224 mendisheud
663 2142 991 2218 lentescentem.
1044 2143 1158 2224 Quod
1224 2143 1267 2227 in

160 2235 355 2334 Hesychio
371 2239 486 2337 longe
510 2240 631 2336 major
657 2265 772 2340 quom
792 2265 862 2342 pro
880 2240 1014 2340 majori
1036 2242 1151 2317 etiem
1165 2243 1267 2318 mole

155 2341 331 2413 locorum
347 2348 615 2436 corrpptorurn
631 2363 812 2422 uumerus
829 2340 1098 2441 conspiciatur,
1119 2342 1160 2414 id
1175 2364 1267 2420 rero

158 2438 298 2512 exinde
316 2438 524 2536 contigisse
542 2441 773 2514 censendum
791 2449 861 2526 eet,
878 2441 981 2536 quod
998 2463 1021 2513 a
1038 2441 1168 2516 multis
1185 2440 1268 2538 jem

157 2537 311 2616 seculis
332 2538 515 2621 sermonis
534 2539 697 2620 somni
713 2539 827 2636 longe
845 2538 988 2636 msiore
1003 2561 1118 2637 quem
1144 2540 1270 2620 Graeci

156 2637 301 2734 peritis
322 2637 382 2716 usi
399 2636 477 2720 siut
497 2662 574 2718 non
591 2639 715 2716 solum
728 2636 871 2720 librarii
887 2637 956 2718 sed
974 2646 1015 2714 et
1027 2637 1269 2721 humaniores

157 2737 335 2834 plerique
354 2760 495 2820 omnes.
547 2737 655 2820 Fecit
672 2735 827 2834 quiden
845 2735 1082 2819 eruditorum
1108 2760 1200 2815 cure
1223 2745 1268 2816 ut

159 2835 202 2908 in
218 2835 415 2933 Hesychio
434 2836 568 2934 ingens
578 2837 803 2922 mendorum
814 2835 989 2918 cumulus
1004 2843 1152 2932 partem
1163 2835 1268 2920 houd

161 2935 341 3032 exiguum
383 2935 618 3014 decreverit:
656 2934 749 3012 iecit
780 2933 913 3018 itidem
944 2944 987 3014 ut
1014 2935 1268 3018 Terentianus

159 3033 263 3116 haud
275 3033 392 3132 paulo
408 3035 653 3118 emaculatior
667 3035 840 3112 evaserit.
879 3035 954 3112 Sed
965 3035 1129 3116 necdum
1139 3044 1268 3118 minen

159 3133 335 3231 perfecit,
346 3135 438 3232 quin
456 3143 575 3212 restet
592 3133 714 3217 adhue
730 3135 772 3212 in
789 3143 952 3230 utroque
965 3135 1061 3213 setis
1078 3159 1268 3250 superque

159 3233 290 3331 ampla
306 3233 494 3322 materies,
506 3234 545 3312 in
560 3259 637 3334 que
646 3257 689 3314 se
703 3257 880 3314 exercere
892 3234 1016 3332 possit
1034 3234 1267 3317 criticorum

158 3334 269 3429 genti
282 3333 464 3430 quicquid
475 3344 533 3412 est
545 3333 700 3434 ingenii.
728 3334 866 3416 Eosad
878 3343 1076 3435 utramque
1091 3333 1266 3432 Spartam

160 3433 419 3516 adornandam
435 3437 457 3477 ⁴
469 3435 685 3520 studiorum
697 3458 854 3516 suorum
871 3431 1146 3532 aliquantulum
1163 3443 1265 3515 certe
1301 3422 1325 3490 ²

159 3531 378 3610 conlaturos
398 3555 605 3632 speramus,
654 3533 817 3633 interim
846 3557 936 3611 vero
957 3531 1055 3611 libet
1076 3539 1115 3612 et
1145 3532 1266 3619 nobis,

158 3632 415 3728 quancunque
438 3655 620 3714 successu
650 3633 690 3716 in
707 3657 758 3710 re
784 3631 916 3714 critico
937 3631 1107 3718 versatis,
1128 3655 1266 3718 eorum

201 3833 228 3886 l.
252 3829 390 3908 Hesychii
405 3825 508 3888 deex
522 3832 623 3890 unicus
636 3829 689 3896 nd·
735 3847 845 3906 magno
862 3829 1012 3890 literarum
1025 3831 1222 3894 endumerrto
1231 3831 1264 3892 in

158 3907 215 3966 huc
225 3923 359 3987 superest
369 3909 401 3972 in
412 3907 594 3973 Bibliotheca
603 3911 688 3975 Mer·
738 3910 833 3968 luceru
846 3909 968 3986 proult
978 3911 1019 3973 N.
1031 3910 1178 3984 Solonius,
1192 3911 1264 3988 Lip-

159 3989 237 4048 ciaor
270 3987 405 4048 Veneriis
440 3987 617 4059 aduersatus,
651 3990 689 4047 ad
738 3988 890 4050 rire-1792.
932 3989 1049 4054 Urinam
1059 3992 1263 4146 prppppffip}

161 4087 241 4144 quern
266 4089 385 4129 snrnrne
406 4085 474 4125 cum
492 4068 641 4146 religione,
656 4083 690 4126 ut
739 4069 786 4127 die
806 4089 866 4128 renr
887 4069 1056 4132 litterariam

159 4149 222 4210 riti
234 4151 358 4230 quidem
384 4146 511 4216 videtur,
534 4147 688 4206 editionem
738 4149 795 4206 isto
810 4148 908 4208 Mauri
927 4149 1026 4208 codice
1046 4149 1115 4207 olim
1131 4149 1214 4206 Bobii
1234 4149 1261 4205 in

155 4229 334 4296 suessam
350 4227 467 4303 exegit,
482 4227 689 4304 veteriseorip-
737 4225 891 4298 Coenobio,
911 4249 949 4287 err
964 4247 1023 4306 qne
1036 4228 1150 4287 effluxit
1162 4223 1262 4284 Editio

154 4325 219 4373 rnrae
233 4307 437 4394 quantumvis
458 4325 603 4383 pervetere
624 4327 689 4366 ves·
738 4308 839 4384 prims.

149 4397 208 4477 rigia
218 4400 299 4457 bone
312 4389 379 4451 fide
390 4385 479 4452 eruit,
491 4401 519 4444 et
532 4405 615 4445 curas
624 4407 690 4446 sues
737 4423 740 4428 ·

794 4489 818 4537 ll
