3032 4958
645 385 858 438 rnnrsrro.
1169 359 1296 438 'xxxv

209 554 342 635 Nunc
363 561 421 636 ad
440 561 715 661 supellectilem
730 585 865 652 meam,
890 558 1003 636 nimis
1028 555 1188 636 sortasse
1214 561 1297 636 exi·

170 679 261 773 iem,
279 688 324 762 in
344 690 604 766 Miscellaneo
624 691 769 766 Critias
785 688 958 767 devenio.
1008 686 1188 786 Inprimis
1205 712 1292 786 gra·

182 810 266 898 tias,
303 837 405 910 quas
438 839 594 912 possum
628 817 823 902 maximas,
859 839 933 913 ugo
964 813 1189 887 Reverendo
1225 814 1291 888 ad·

187 937 341 1012 modum
371 939 660 1038 cultissimoque
686 941 778 1015 Viro
807 939 902 1014 mihi
930 938 971 1012 in
998 935 1073 1011 hoc
1100 935 1290 1011 curriculo

187 1067 395 1154 praeeunte,
422 1060 491 1157 qui
519 1060 732 1136 doctrinam
748 1083 846 1158 puro
859 1055 1038 1158 'quodam
1063 1070 1104 1136 st
1127 1063 1290 1138 candido

187 1181 339 1258 dicendi
363 1207 504 1283 genere
533 1184 747 1282 conjunxit.
800 1187 843 1260 M
847 1187 924 1262 ulta
947 1211 1015 1262 seu
1032 1187 1193 1275 minuta,
1219 1212 1289 1266 seu

187 1309 386 1384 recondita
395 1319 436 1385 et
446 1309 625 1407 perutilia
637 1311 736 1408 stylo
747 1311 963 1408 perspicuo,
975 1309 1149 1408 simplici,
1164 1310 1290 1386 nitido

187 1433 331 1510 evolvit
346 1435 380 1508 *.
433 1435 509 1509 Sed
539 1435 844 1509 Hansnnunusn
872 1437 1060 1511 rationem
1087 1436 1290 1533 Originum

188 1555 421 1642 Graecarum,
449 1556 589 1652 quibus
616 1555 831 1631 redundant
856 1557 931 1632 viri
948 1558 1158 1635 doctissimi
1176 1567 1291 1649 notre,

189 1687 229 1751 et
244 1678 354 1776 quasi
370 1687 479 1753 extra
494 1679 596 1777 ripas
610 1678 800 1767 diffluunt,
813 1683 1116 1778 praetereundam
1133 1683 1290 1760 omnino

187 1803 280 1878 mibi
298 1803 404 1879 duxi
453 1804 513 1878 Ab
530 1803 633 1880 illius
659 1803 809 1904 placitis
834 1804 873 1878 in
891 1805 962 1880 hac
979 1831 1021 1881 re
1037 1830 1185 1883 summa
1201 1832 1290 1884 cum

182 1929 400 2003 reverentia
429 1929 603 2004 abscedo.
667 1928 709 2003 Si
736 1927 831 2002 mihi
862 1929 968 2028 loqui
996 1930 1123 2020 liceat,
1150 1951 1288 2006 uonnrs

182 2052 336 2147 (utrum
362 2051 635 2142 substantivum,
668 2075 718 2127 an
744 2053 975 2150 affectivum,
1009 2065 1054 2130 ut
1080 2055 1202 2140 aiunt,
1234 2054 1288 2129 nil

180 2202 272 2254 mea
299 2177 444 2275 refert)
483 2187 527 2253 ut
556 2178 632 2265 alii,
665 2200 748 2253 esse
780 2177 944 2254 radicem
975 2179 1150 2267 dixerim,
1186 2177 1289 2252 unde

182 2305 306 2379 densa
331 2303 396 2378 illa
422 2302 604 2380 orationis
626 2301 721 2377 silva
738 2304 937 2391 succrevit,
964 2313 1005 2378 et
1021 2301 1087 2380 cui
1105 2301 1289 2378 succinne
1355 2369 1360 2384 ,

181 2427 282 2501 satis
291 2427 381 2502 laeta
389 2426 454 2500 illa
463 2425 721 2526 propaginum
731 2427 880 2502 soboles
890 2427 1060 2503 revocari
1074 2434 1237 2526 possunt
1249 2425 1286 2517 †.

183 2533 385 2648 Cogitanti
403 2575 493 2626 sane
521 2550 655 2638 cuivis,
683 2574 800 2648 quam
824 2550 989 2626 fecunda
1013 2551 1065 2626 sit
1089 2550 1289 2625 nominum

182 2673 378 2762 mutarier,
409 2672 626 2750 suboriatur
655 2671 825 2770 suspicio
856 2699 963 2750 voces
987 2699 1186 2773 sonusque
1221 2671 1288 2748 illo

231 2877 247 2910 ⁸
281 2883 299 2912 ⁸⁸
324 2868 458 2937 Tuom
501 2874 716 2947 Bususssrus,”
757 2877 889 2957 νεώτερός
913 2880 971 2958 εἶμι
996 2882 1072 2950 Σεῐο,
1095 2877 1170 2944 ἄναξ
1191 2877 1287 2936 Μενέ-

186 3003 272 3062 quem
286 2983 406 3042 honoris
420 3001 522 3042 caussa
535 2981 715 3041 nominatum
755 2985 818 3054 λοι,
840 2979 875 3040 οὔ
896 2979 925 3040 δὲ
949 2982 1083 3059 πρότερος
1106 2983 1154 3039 καὶ
1173 2983 1287 3058 ἀρείων.

182 3089 264 3160 volo,
283 3089 363 3148 “vir
386 3087 473 3146 etism
495 3085 576 3165 apud
599 3098 715 3144 exteras
755 3081 849 3157 Οἶσθ,
869 3081 928 3146 οἶαι
952 3088 1016 3145 νέου
1035 3083 1141 3164 ἀνδρὸς
1159 3081 1286 3165 ὑπερβα-

182 3207 287 3272 gentes
300 3192 471 3253 eruditionis
484 3191 570 3250 laude
583 3189 714 3268 insignis,
756 3191 817 3249 otus
830 3194 985 3250 τελέθουσι·
1007 3193 1219 3271 Κραιπνότερος
1231 3189 1287 3270 μὲν

182 3320 263 3359 nuuc
310 3299 465 3380 episcopus
509 3293 714 3356 Menevensis”
756 3297 814 3375 γάρ
827 3321 857 3356 τε
873 3300 948 3367 νόος,
969 3299 1058 3366 λεπτὴ
1073 3293 1104 3355 δέ
1116 3319 1147 3354 τε
1159 3292 1271 3374 μῆτις.”

181 3403 287 3481 (bodie
309 3399 547 3479 sarisburiensis)
571 3407 591 3435 ‘⁴
605 3399 715 3478 dignis·
794 3405 813 3468 †
832 3401 894 3460 “Si
910 3400 1118 3480 grammaticos
1131 3397 1223 3470 sudu,
1239 3399 1285 3457 rd-

182 3507 305 3568 simus.”
345 3505 452 3566 Boutta.
472 3505 512 3564 ad
536 3503 632 3584 Retiq.
657 3503 714 3563 SS·
755 3530 808 3574 troc
837 3527 856 3566 a
878 3507 983 3566 κόπτω·
1015 3505 1056 3564 itu
1086 3502 1203 3583 quidem
1237 3503 1284 3562 rir-

186 3613 250 3672 Vol.
274 3633 296 3674 r.
318 3614 455 3690 ppldti,
470 3615 520 3669 40.
557 3609 627 3669 Non
646 3629 715 3689 pos-
755 3635 807 3678 πος
833 3611 974 3670 arduo.
1009 3609 1074 3670 into
1097 3628 1177 3680 vero,
1205 3607 1285 3687 quod

182 3741 249 3779 sum
263 3739 322 3778 non
336 3717 482 3778 recordari
496 3737 556 3796 qua
571 3716 717 3776 modestia
755 3735 827 3796 poce
841 3735 942 3776 eorum
955 3715 1066 3776 dictum
1080 3715 1127 3786 sit,
1142 3717 1226 3780 κόπος
1239 3728 1286 3773 est

182 3847 267 3886 suam
281 3823 439 3886 editionem
450 3823 519 3882 viris
532 3821 654 3882 eruditis
663 3820 714 3900 ju·
755 3822 839 3882 radix
861 3823 923 3882 sive
939 3822 1044 3892 thema,
1062 3832 1095 3880 ut
1112 3821 1208 3889 τόπος,
1231 3818 1285 3893 ψό-

181 3929 339 3990 dicandam
367 3929 573 4010 proposuerit:
608 3925 714 3986 “For-
755 3939 815 4006 poc,
836 3925 928 3997 δόλος,
950 3926 1047 4005 φόνος,
1065 3922 1177 4002 δνόφος,
1192 3924 1283 3999 κόρος,

182 4051 261 4095 tasse
275 4054 345 4093 vero
365 4053 573 4110 nonnunquam
600 4031 714 4092 ineante
755 4032 850 4101 πόθος,
872 4031 972 4108 pri-roc,
992 4031 1104 4097 κλόνος,
1123 4029 1220 4104 λόφος,
1236 4027 1284 4083 θό-

182 4143 269 4204 nimis
279 4155 310 4201 et
323 4141 503 4209 festinanter,
518 4152 551 4196 ut
560 4136 685 4217 juvenis,
697 4156 715 4195 a
755 4139 815 4204 λος,
830 4136 928 4213 λόχος,
942 4149 971 4194 et
985 4134 1041 4193 alia
1056 4129 1175 4190 multa.’'
1194 4129 1232 4188 R.
1244 4127 1283 4188 Β.

181 4247 253 4306 viris
263 4245 353 4324 louge
363 4245 543 4304 doctioribus
557 4241 712 4300 dissentio:
755 4239 912 4310 Beroordo,
932 4260 963 4318 p.
981 4243 1048 4296 159.
1080 4233 1164 4294 Conf.
1183 4231 1283 4291 Volcis.

182 4350 291 4432 quibus
309 4351 373 4410 brec
393 4347 543 4408 Antilochi
562 4349 651 4408 verba
666 4365 714 4405 me
754 4344 792 4402 ad
817 4345 953 4404 Ammon.
977 4363 1006 4422 p.
1023 4347 1092 4400 211.
1115 4352 1145 4398 et
1165 4338 1203 4398 ad
1226 4337 1282 4397 Pb.

181 4471 325 4516 excusent
347 4454 439 4515 velim
474 4451 525 4530 [ΙΙ.
556 4453 588 4529 ψ,
617 4447 714 4529 587.],
756 4453 825 4508 397.
861 4461 891 4508 et
918 4449 1075 4508 Portunum
1103 4444 1131 4502 in
1165 4445 1284 4503 Ceasar.

175 4562 306 4641 Ἀνοχεο
327 4567 392 4622 νῦν·
414 4557 528 4616 πολλὰν
547 4562 603 4636 γὰρ
620 4555 714 4633 ἔγωγε
759 4553 830 4611 Cris.
844 4552 945 4628 (June,
963 4557 1050 4613 1797.
1063 4571 1117 4630 pp.
1136 4554 1202 4619 174,
1217 4545 1272 4625 5.).

802 4663 865 4731 οἳ
