3080 4942
805 391 879 460 562

180 615 271 668 sacr.
291 585 584 664 emendationes.
637 585 781 660 Eomm
798 585 945 682 utique,
960 606 1056 680 quos
1069 585 1203 673 voluit,
1218 586 1260 660 io
1274 581 1395 686 priore

212 683 243 733 V·
292 689 419 764 minua
436 695 541 764 recte
556 687 785 785 producitur
802 713 867 772 σιω
894 685 935 760 io
947 683 1068 760 altero
1082 687 1275 785 spondeus
1291 711 1397 786 quar·

182 789 375 865 “tam
397 789 525 864 sedem
550 797 727 886 occupat.
782 785 1015 885 Hujusmodi
1033 786 1188 884 quidem
1212 789 1400 864 senarium

296 889 387 968 alibi
404 889 519 966 etiam
536 889 585 964 ad
611 911 710 964 vers.
741 894 824 962 167.
850 887 977 962 virum
994 888 1259 963 doctissimum
1277 889 1402 965 vendi-

295 999 441 1066 tantem
457 990 586 1066 videre
605 997 687 1064 cst:
713 997 738 1034 “
756 987 864 1062 Idem
886 1011 979 1062 sane
1000 989 1096 1064 dicit
1119 987 1402 1088 Aristophanes,

298 1100 321 1134 “
339 1115 384 1167 ac
401 1092 433 1166 si
451 1088 703 1168 inclamitaret
719 1113 741 1164 e
757 1089 982 1187 proscenio:

449 1247 530 1332 Νυν,
550 1277 575 1314 ω
593 1245 712 1328 Oruros,
740 1243 997 1338 λακκοπρωκτον
1012 1272 1067 1312 εστ
1084 1239 1173 1330 idern,

447 1347 596 1417 Μαλλον
613 1343 644 1416 dr
663 1372 801 1441 γυναικα
816 1373 935 1432 perron
953 1371 1203 1439 superponendo.

297 1491 320 1524 “
338 1481 414 1556 Sed
425 1481 524 1555 unde
536 1481 590 1554 illi
602 1481 680 1556 duo
694 1479 853 1554 versus.l
870 1501 1010 1575 quaere,
1025 1486 1067 1553 et
1078 1478 1220 1554 frustra
1236 1501 1402 1576 quaeres;

277 1592 321 1652 :“
337 1582 378 1656 ni
406 1581 539 1656 dixero
568 1581 639 1655 tibi
668 1581 709 1655 in
725 1602 868 1664 aurem,
896 1579 983 1676 quis
1006 1578 1158 1656 illorum
1181 1581 1305 1655 Faber
1329 1581 1406 1654 sit.”

298 1684 351 1758 At
368 1681 412 1769 si,
429 1682 551 1779 qualis
569 1681 826 1780 eorumsoher
842 1678 970 1766 fuerit,
986 1680 1084 1755 scire
1100 1680 1235 1755 itidem
1247 1681 1403 1780 gestiam

298 1784 412 1858 liceat
448 1793 488 1857 et
518 1781 610 1856 mihi
644 1781 811 1856 vicissim
840 1779 913 1854 tihi
941 1782 981 1855 in
1015 1802 1149 1856 aurem
1174 1781 1404 1858 insusurrare

300 1881 553 1959 Horatiorum
570 1881 688 1956 illud:

349 2017 544 2096 AEmilium
554 2019 662 2094 ‘circa
679 2017 801 2094 ludum
818 2019 923 2092 saber
940 2043 1032 2094 unns
1044 2020 1082 2058 ⁸⁸¹
1099 2029 1138 2094 et
1152 2045 1200 2096 un
1275 2047 1296 2095 a

350 2121 567 2220 Erprinmt,
586 2129 624 2194 et
638 2119 764 2194 molles
781 2119 986 2194 imitabitur
1002 2145 1078 2194 aere
1094 2045 1284 2220 copilhhi

350 2219 631 2397 Ibpggliirgto-pcns
645 2243 802 2310 summa,
830 2219 921 2318 quia
938 2243 1080 2318 ponere
1095 2229 1222 2297 totum

302 2464 445 2540 Verum
461 2463 501 2540 in
517 2475 726 2541 metrorum
743 2464 890 2540 ratione
904 2473 1099 2564 utcunque
1126 2464 1259 2542 infelix
1283 2463 1405 2551 fuerit,
1486 2509 1487 2526 .

299 2575 405 2642 recte
431 2575 557 2641 tamen
582 2565 775 2663 judicavit
803 2567 987 2642 sermonis
1019 2565 1187 2642 indolem
1218 2567 1405 2665 postulare

302 2663 341 2749 ὃς
357 2701 409 2740 ω.
462 2665 569 2742 ldem
587 2667 715 2754 etiam,
743 2665 801 2742 uti
816 2689 906 2742 mox
922 2666 1079 2756 videbis,
1103 2667 1232 2764 ipsum
1246 2678 1405 2746 metrum

303 2767 436 2864 exigit.
486 2768 616 2865 Atque
633 2768 687 2844 ita
700 2766 856 2865 quidem
874 2766 975 2843 clare
992 2768 1088 2864 legit
1106 2767 1254 2844 Suidas.
1298 2769 1405 2844 Nunc
1486 2813 1487 2828 .

216 2867 291 2938 312
304 2866 327 2913 ⁴
345 2867 434 2943 vide
461 2891 680 2964 germanam
702 2891 884 2944 versuum
911 2869 958 2941 ab
985 2866 1241 2967 Aristophane
1264 2867 1405 2968 proiec-

303 2975 430 3043 torum
445 2966 606 3044 iormam
622 2969 776 3044 tandem
793 2967 996 3065 aliquando
1013 2967 1262 3046 instauratam
1272 2971 1325 3046 ¹⁸².

346 3169 415 3244 28⁵1.
430 3165 506 3225 Hor.
518 3165 556 3224 A.
572 3165 607 3224 P.
620 3170 751 3224 82-35.
765 3169 835 3225 imae
881 3187 964 3246 pem
988 3167 1065 3228 conf.
1090 3167 1236 3248 Goirford.
1258 3171 1297 3230 ad
1321 3170 1341 3229 l.
1360 3188 1404 3250 pp.

305 3246 384 3308 Edd.
397 3251 416 3280 “
430 3247 487 3306 hoc
505 3260 558 3317 est,
576 3246 712 3307 interiore
726 3247 834 3324 angulo
885 3253 954 3318 836,
970 3251 1019 3318 7.;
1043 3262 1072 3308 at
1093 3251 1225 3328 inprimis
1238 3253 1335 3311 virum
1348 3269 1406 3310 em·

306 3325 393 3390 sori!
405 3328 585 3408 Scaligerad
595 3325 701 3388 catut.
711 3345 740 3404 p.
754 3332 833 3389 ⁵12
883 3329 1059 3390 ditissimum
1067 3343 1098 3389 et
1106 3331 1324 3404 amicissimum,
1333 3331 1405 3390 P.P.

308 3415 371 3478 nl:
384 3409 461 3472 coni.
473 3408 539 3470 adl.
552 3407 637 3470 ined.
649 3405 734 3468 Cant.
748 3413 835 3471 1817.
884 3409 1040 3470 Dohroeum
1062 3411 1141 3490 apud
1165 3411 1204 3472 R.
1222 3412 1273 3485 P.,
1299 3412 1348 3492 qui
1373 3412 1406 3472 de

347 3497 416 3551 282.
438 3496 457 3524 ‘⁶
473 3489 531 3550 Hic
551 3490 607 3550 inei
629 3490 652 3548 ic
673 3487 763 3548 Chori
783 3493 834 3569 μέ·
883 3489 941 3550 hoc
953 3491 1017 3569 ipso
1031 3489 1096 3549 loco
1115 3505 1174 3550 tam
1195 3493 1335 3571 praeclare
1352 3493 1405 3552 dla-

308 3577 359 3638 λος
381 3567 580 3648 πρεσβυτικόν.
603 3511 703 3664 dehet.
722 3568 836 3630 Cautum
885 3571 1007 3665 putavit,
1023 3583 1056 3630 ut
1066 3569 1138 3631 nihil
1148 3593 1237 3668 supra
1250 3575 1406 3668 addiposse

309 3652 566 3806 tltltfflltt
579 3653 836 3812 ..t‘ltl't‘tlltz
885 3651 1406 3814 tlilllz...ll.l²llttlt⁰.'²l;l

308 3812 484 3872 mistichium
509 3812 590 3890 priua
612 3826 657 3872 est
681 3812 837 3873 dimetrum
887 3813 1104 3892 noperevelim,
1125 3827 1159 3874 ut
1176 3814 1273 3876 locum
1288 3813 1406 3876 saltn.

309 3893 464 3952 iambicum
483 3925 486 3930 ·
507 3891 715 3963 acatalectum3
763 3894 837 3954 alte·
887 3894 917 3954 in
939 3907 1033 3954 metra
1051 3895 1211 3968 redactum,
1237 3911 1268 3958 et
1288 3895 1404 3964 notulas,

309 3971 837 4051 rum,hephthemimeretrochaicum.
886 3994 959 4052 quas
978 3973 1154 4054 jampridem
1185 3977 1215 4036 in
1239 3997 1294 4037 suo
1314 3995 1404 4038 exem·

311 4055 389 4122 Quae
396 4053 836 4134 sequunturmuntlonicaheph·
886 4055 960 4134 plari
972 4056 1138 4134 reliquerat,
1156 4057 1327 4138 subjiciam
1347 4056 1406 4136 qui·

310 4136 479 4196 rhemimera
502 4131 641 4211 (quorum
671 4134 837 4214 exemplum
886 4137 943 4196 bus
964 4155 1031 4196 cum
1054 4137 1132 4198 felici
1153 4137 1190 4198 R.
1205 4137 1248 4200 D.
1283 4138 1404 4200 acumine

310 4217 431 4276 tradidit
444 4213 617 4294 Hephaestio
627 4213 657 4274 in
667 4213 749 4273 initio
759 4219 837 4295 oapi·
887 4217 999 4278 collatis
1025 4237 1060 4278 ac
1078 4221 1238 4297 perpensis,
1258 4239 1355 4282 omnes
1370 4217 1403 4277 ab

311 4295 348 4354 tis
361 4295 399 4360 de
416 4295 512 4358 lonico
533 4316 552 4356 a
570 4293 687 4374 majore
700 4291 744 4374 [p.
757 4295 838 4390 62.])
886 4298 943 4358 hoc
956 4309 1093 4378 tanquam
1102 4299 1215 4378 judicio
1225 4321 1335 4362 summe
1346 4317 1403 4360 cum

311 4393 379 4434 eum
412 4376 544 4436 dimetria
581 4374 838 4453 brachycatalecto
888 4378 1038 4458 voluptate
1074 4375 1253 4441 discessuros
1287 4379 1400 4444 confido.

311 4467 390 4514 certo
404 4457 505 4518 ordine
524 4455 689 4537 dspoliat·
716 4455 763 4516 M.
776 4455 838 4516 aa·
889 4457 950 4519 PP.
966 4464 1036 4534 491,
1050 4467 1078 4520 2.
1099 4459 1156 4522 Ed.
1167 4461 1235 4524 Bas.
1253 4467 1337 4524 1517.

950 4569 995 4634 10
