2964 4950
212 598 214 604 ’
324 597 674 725 consanum
702 594 759 726 00
785 649 983 728 nnxnu.
1050 597 1052 602 ’

92 799 140 872 P.
163 797 288 874 134.1.
306 805 343 874 5.
363 799 458 900 lege,
477 807 523 876 El
540 837 570 876 rt
588 801 610 902 ‡
627 808 753 876 ΔΕΟΙ.

87 967 91 976 .
160 906 248 975 217.
267 899 336 975 001.
356 908 391 974 2.
412 899 499 975 tc..
509 903 671 1002 corrige,
697 909 782 976 288.

166 1006 252 1074 265.
270 1001 295 1074 1.
314 1007 377 1074 31.
397 1003 556 1102 corrige,
572 1002 812 1077 ἈΝΑΣΣΕΝ.
863 1087 864 1090 ¹

161 1105 248 1175 372.
267 1101 290 1175 1.
309 1108 367 1176 ll.
394 1101 489 1202 lege,
505 1107 625 1187 sinitote
643 1105 711 1176 Μ.

160 1207 247 1275 383.
266 1202 292 1275 i.
337 1209 367 1276 1.
391 1203 541 1304 corrige
567 1205 786 1286 Απόλλωνος.

164 1307 252 1376 394.
272 1302 295 1376 1.
318 1309 350 1375 l.
368 1300 545 1396 titanos&
558 1305 595 1378 *.

161 1407 247 1476 584.
266 1402 292 1475 1.
313 1408 371 1476 10.
390 1406 541 1506 corrige
567 1411 766 1502 Μυρμηκος.

148 1513 172 1543 “
199 1501 348 1578 Puncta
368 1529 490 1603 porro
516 1504 668 1580 subinde
700 1503 961 1580 desiderantur
977 1526 1089 1592 ,nnec
1122 1528 1212 1579 raro

94 1603 215 1676 minas
231 1613 333 1679 recte
348 1605 579 1682 adhibentur.
633 1605 894 1704 Reperiantnr
910 1605 1021 1681 etiam
1037 1610 1211 1699 σφαλματα

95 1701 241 1800 aliquot
271 1705 310 1778 in
338 1704 495 1780 diuersis
525 1707 717 1781 literarum
752 1705 961 1804 generibus.
1021 1705 1211 1805 Adspira-

95 1803 209 1877 tionis
235 1804 389 1904 densique
417 1818 504 1881 nota
533 1806 656 1880 literis
685 1805 896 1903 majusculis
921 1831 977 1880 me
1003 1807 1115 1880 incito
1140 1831 1212 1880 non

96 1902 211 1976 sanet
222 1907 444 2004 preficitur.
497 1907 601 1981 Hoeo
622 1931 720 1994 uero,
745 1930 825 1980 carn
840 1931 911 1980 non
928 1908 1002 1981 sint
1024 1906 1212 2003 ejncntodi,

94 2014 137 2078 nt
163 2005 236 2078 nisi
258 2005 472 2081 dormitanti
495 2033 632 2082 moran
659 2007 812 2104 injicere
837 2007 998 2106 possint,
1027 2007 1212 2106 nantiqarn

94 2129 188 2202 opas
207 2130 289 2180 esse
313 2107 470 2195 uidetur,
499 2119 541 2182 at
567 2107 729 2207 singuiis
750 2107 811 2181 hic
835 2107 1067 2182 recanendie
1091 2108 1212 2186 inmo-

95 2211 249 2279 remnr.’¹
301 2208 345 2281 R.
366 2208 577 2283 annsrus
594 2210 636 2283 in
652 2207 851 2285 Addeudis
869 2217 910 2284 et
929 2207 1184 2309 Corrigenda.

580 2419 728 2431 ...ι-

223 2573 516 2650 ADDENDA
557 2575 634 2650 ET
675 2574 1081 2652 CORRIGENDA

311 2723 356 2776 00
375 2723 491 2776 uonrs
510 2723 564 2774 tn
582 2724 805 2780 0000000000
823 2725 993 2778 00000000.

99 2850 133 2910 P.
149 2853 176 2909 1.
190 2851 244 2910 001.
255 2857 284 2910 2.
299 2852 319 2911 1.
335 2855 364 2910 6.
378 2850 467 2933 Lege,
490 2851 635 2914 Coenobio
659 2859 679 2888 ‘⁴
694 2851 754 2914 divi
776 2854 960 2926 Columbini,
981 2848 1215 2914 aTbeodolinds

178 2932 278 3012 regins
290 2931 557 3012 Langobardorum
568 2933 751 3006 exstructo,”
771 2956 809 2996 ex
823 2955 882 3014 quo

99 3011 171 3072 Idid.
187 3012 207 3071 1.
234 3017 263 3074 7.
294 3019 312 3048 “
326 3013 451 3094 prima.”
474 3015 557 3086 addc,
589 3014 776 3076 Desiderium
807 3017 885 3076 unici
907 3014 1016 3076 codicis
1034 3011 1213 3074 Terentiani

179 3093 315 3155 Dewesio
334 3095 497 3167 minuisset,
517 3097 543 3154 si
563 3095 670 3157 certior
690 3111 768 3157 esset
786 3097 879 3158 sactus
892 3096 950 3156 01ίο
962 3096 1021 3156 600
1034 3094 1098 3174 ejus
1111 3113 1212 3154 exem·

177 3173 269 3254 pluria
281 3174 438 3254 aliquando
451 3175 640 3256 superfuisse,
661 3190 695 3237 ut
707 3197 746 3237 ex
759 3178 796 3237 t.
813 3177 957 3249 Statonia,
976 3177 1040 3236 viro
1054 3173 1211 3252 elegantis·

178 3256 252 3315 simo
266 3270 295 3315 et
307 3256 353 3315 his
366 3257 398 3315 in
409 3256 498 3317 rebus
509 3256 713 3330 versatissimo,
721 3278 799 3319 nunc
809 3259 926 3318 demum
936 3257 1076 3334 intelligo.
1091 3261 1110 3312 ⁴?
1117 3253 1210 3312 Andr.

176 3336 333 3408 Patricius,
350 3337 401 3416 qui
414 3351 482 3398 0010
495 3338 555 3397 600
571 3339 669 3399 scails
681 3339 845 3399 eruditione
858 3339 889 3398 in
902 3338 1025 3397 Poloniu
1038 3335 1132 3394 clarus
1145 3333 1211 3406 fuit,

177 3417 337 3478 editionem
356 3416 743 3480 TerentisniBristaanam
761 3439 827 3478 cum
847 3431 963 3478 vetusto
984 3415 1093 3475 Codice
1105 3425 1210 3476 contu·

175 3497 258 3568 leret,
279 3519 318 3557 ex
332 3519 390 3577 qus
408 3498 563 3560 Varsoviae
577 3499 633 3560 sibi
649 3511 727 3560 emta
739 3499 783 3559 vir
799 3497 995 3560 nobilissimus
1007 3494 1210 3573 0100000061-

177 3577 305 3638 tissimus
317 3579 365 3638 do.
378 3579 408 3638 A
412 3579 482 3659 loys.
497 3579 588 3640 Mart.
605 3579 729 3659 Lagusa
742 3579 813 3638 mihi
832 3575 1013 3656 transcripsit
1028 3577 1172 3636 variantes
1188 3595 1207 3635 0

177 3655 709 3720 (10110106000000100061000010010000.
732 3657 809 3719 Vide
818 3657 998 3720 sddeodssd
1007 3677 1036 3716 v.
1047 3660 1096 3717 st.
1104 3663 1152 3715 42.
1160 3660 1209 3715 99.

178 3742 331 3798 122126.
374 3738 559 3800 Terentinnei
573 3739 692 3800 Codicis
704 3741 815 3800 mentio
833 3740 921 3800 etiam
941 3739 975 3799 fit
993 3739 1023 3798 in
1041 3735 1210 3796 Heumanni

176 3818 287 3879 Poecile
308 3819 346 3879 T.
360 3838 382 3880 1.
396 3839 428 3899 p.
442 3825 511 3881 ost.
534 3839 630 3898 quem,
645 3835 679 3882 ut
691 3834 789 3881 narrat
802 3821 944 3882 Hernicus
962 3817 1071 3880 Wotton
1082 3816 1118 3896 (1.
1132 3816 1208 3879 Wot·

177 3901 243 3979 ton)
257 3900 288 3960 in
297 3899 420 3980 epistola
427 3901 466 3961 06
479 3901 520 3961 D.
531 3901 735 3962 Hoeschelium
746 3899 892 3963 Florentia
906 3906 1004 3971 1662..
1017 3919 1084 3959 oum
1096 3896 1208 3978 staple-

176 3991 256 4042 tonus
263 3995 389 4054 0001000,
397 3993 431 4042 01
439 3981 566 4056 videtur,
576 3995 678 4044 nactus
687 3996 773 4054 esset,
781 4003 820 4043 ex
826 3982 973 4063 prurigine
980 3978 1147 4061 proferendi
1155 3979 1209 4038 sli-

177 4061 257 4140 quid,
266 4063 347 4141 quod
356 4064 477 4124 haberet
483 4063 667 4144 peregrinum
679 4083 822 4144 00000000,
831 4063 950 4125 adducit
959 4061 1027 4122 inde
1035 4060 1144 4131 100100,
1155 4059 1209 4119 sed

42 4153 45 4160 ’
177 4156 313 4220 tunquam
322 4163 360 4204 ex
368 4145 566 4224 manuscripto
577 4143 716 4205 Terentio
728 4150 815 4225 00610
822 4145 907 4204 Afro.
928 4144 965 4203 Io
975 4143 1046 4203 nond
1056 4139 1208 4214 Gomoedid,

176 4223 278 4302 inquit,
291 4245 357 4304 qua
368 4225 528 4286 inscribitur
541 4225 690 4286 Mannal’
730 4226 859 4286 Sentenii
872 4225 973 4286 Pur.
986 4243 1037 4304 00.
1052 4222 1094 4294 ix,
1107 4241 1139 4282 x.

138 4307 168 4362 2.
182 4304 236 4363 001.
255 4309 281 4362 1.
297 4305 317 4364 l.
333 4311 362 4365 l.
375 4309 497 4387 corrige,
519 4305 714 4368 Hrnsonurn.

115 4425 120 4434 -
140 4389 169 4444 t.
183 4385 237 4444 001.
254 4389 281 4444 1.
297 4385 419 4447 tt-o.
442 4395 460 4423 ‘⁶
474 4387 727 4468 Numerosn-p.”
748 4387 819 4459 6010,
841 4395 869 4447 01
883 4403 995 4466 repone,
1018 4383 1056 4444 de
1077 4383 1208 4445 uersibus

177 4465 235 4526 hoc
267 4487 352 4530 naevo
379 4469 756 4552 inspersis-numerosaque
781 4479 1017 4552 stagna-marc
1046 4465 1209 4530 scindere-
