3148 4936
689 418 737 488 53

157 605 297 704 quibus
315 625 523 696 versamur,
544 613 621 682 tres
642 606 789 706 priores
810 599 970 704 oportet
983 601 1260 682 essebendeca-
1272 625 1360 706 saer.

158 707 319 804 syllabos
338 705 554 795 Phalaecius,
570 706 785 806 cujusmodi
801 715 872 793 est,
890 705 1050 800 [Catuli.
1069 729 1096 780 1.
1114 705 1140 793 i,
1157 711 1215 802 l.]
1304 693 1326 740 ¹·

213 866 306 954 Quoi
317 865 410 940 dono
426 865 586 965 Ιερίἅπιηι
601 890 726 940 novum
742 863 921 939 libellum:
1042 963 1045 968 Ι

159 991 480 1120 ultimumautem
496 1025 606 1103 istius
624 1025 783 1102 similem
811 1025 927 1122 [Hor.
943 1025 1068 1100 Carm.
1084 1023 1114 1099 Ι.
1128 1047 1181 1100 1v.
1200 1025 1260 1120 2.]

216 1171 455 1272 Trahuntque
468 1171 587 1248 msam
604 1173 779 1250 uacum
794 1173 965 1249 carinus:

161 1340 250 1391 cum
283 1326 413 1392 tamen
446 1342 590 1406 eorum,
624 1327 739 1418 prout
779 1319 894 1396 hodie
933 1323 1265 1417 repraesentantur,

163 1417 287 1516 nullus
305 1417 345 1490 iu
362 1417 570 1514 quamlibet
588 1421 701 1493 metri
723 1419 890 1518 speciem
915 1419 1039 1493 cadat.
1092 1415 1267 1512 Denique

163 1516 464 1614 quotiescunque
499 1517 666 1592 occurrit
709 1527 930 1616 portentum
968 1513 1179 1600 Phalaecus,
1212 1513 1268 1587 lo-

165 1615 295 1712 quitur
334 1616 477 1713 ubique
522 1617 773 1692 Terentianus
807 1642 885 1692 non
920 1613 1002 1712 jam
1041 1615 1088 1687 de
1119 1613 1268 1708 integro

165 1714 363 1804 Phalaecio,
380 1716 446 1791 sed
459 1715 508 1788 de
524 1726 648 1791 metro
666 1717 847 1791 extribus
863 1714 1038 1791 trochaeis
1056 1720 1270 1798 constante,

166 1815 267 1910 quod
285 1815 586 1913 hendecasyllabi
611 1815 788 1892 Pbalaecii
804 1823 953 1914 partem
976 1812 1162 1887 duntaxat
1181 1833 1270 1886 con·

166 1913 304 1988 stituit.
355 1914 441 1990 Hoc
468 1923 598 1989 autem
626 1915 738 1989 metri
766 1937 888 2012 genus
911 1935 1106 2009 nunquam
1122 1909 1271 1984 Paula-

167 2013 270 2099 cison,
282 2014 424 2088 nedum
435 2013 648 2089 Phaloeeum
657 2015 891 2113 appellatum
907 2021 975 2088 est.
1029 2011 1107 2098 Sat,
1123 2007 1272 2105 opinor,

162 2109 400 2210 jamdictum
412 2122 471 2188 est
484 2115 768 2190 undeoonstare
779 2115 1053 2213 possitversus,
1064 2106 1273 2204 dequibus,

168 2213 308 2308 agitur,
332 2211 480 2288 medica
505 2237 620 2289 manu
638 2214 821 2311 indigere.
874 2213 1012 2286 *Nunc
1035 2207 1107 2282 tibi
1130 2206 1273 2282 nullam
1309 2205 1359 2275 25

168 2309 309 2386 haerere
321 2335 459 2408 aquam
473 2313 598 2400 velim,
611 2314 704 2410 quin
720 2311 1037 2412 simplicissimam
1046 2306 1274 2384 medicinam

168 2409 360 2497 adhibeas,
378 2411 549 2506 adeoque
565 2434 723 2488 securus
736 2413 891 2488 omnino
908 2408 1117 2486 rescribas:

223 2563 258 2631 1.
289 2557 361 2632 cot
377 2582 501 2634 nomm
517 2584 657 2658 quoque
673 2559 838 2658 phallico
857 2555 1038 2631 dederam
1047 2579 1060 2623 .·

204 2663 257 2734 ,0.
288 2656 489 2758 Gmtjuugit
504 2657 577 2734 sibi
593 2659 776 2757 phallicos
791 2655 992 2732 trookaeos:

221 2765 257 2829 3.
284 2756 381 2831 Post
396 2757 464 2831 boc
480 2757 645 2857 phallico
660 2757 708 2836 de
723 2755 840 2830 tribua
857 2751 1052 2828 trocleis.-

222 2862 257 2929 4.
284 2856 423 2953 Infine
438 2881 579 2932 emaum
596 2855 769 2956 phallicis
785 2863 979 2930 summm.

175 3013 369 3114 Aristoph.
387 3016 549 3092 Acheru.
568 3024 653 3092 260.

226 3169 307 3262 Εγω
324 3165 343 3236 3
359 3167 550 3239 ακολουθων
566 3199 683 3262 puopus
698 3199 737 3240 το
755 3168 998 3240 ΦΑΛΛΙΚΟΝ
1011 3161 1038 3203 ⁴⁵
1049 3159 1076 3201 ⁴⁶

179 3315 294 3396 Vides
306 3321 387 3418 jam
403 3348 480 3398 uno
489 3324 647 3423 negotio
662 3331 827 3420 quatuor
837 3345 967 3399 versus
980 3325 1157 3419 portento
1170 3313 1284 3392 simul

178 3419 356 3498 liberatos
373 3447 417 3497 ac
434 3423 601 3500 numeris
618 3424 698 3498 suis
715 3423 922 3498 restitutos.
958 3421 1128 3492 Metrum
1144 3423 1284 3500 autem,

179 3519 226 3593 de
240 3543 315 3618 quo
329 3523 470 3619 ubique
484 3523 566 3621 agit
579 3523 844 3608 Terentianus,
861 3527 996 3618 utpote
1013 3541 1062 3594 ex
1078 3516 1213 3604 tribus,
1224 3513 1284 3587 uti

180 3619 358 3708 diximus,
376 3622 552 3698 trochaeis
569 3631 757 3708 constans,
769 3619 974 3720 placidiorem
988 3626 1092 3693 recte
1104 3612 1285 3714 appellari

181 3719 306 3816 palam
330 3730 390 3796 est
415 3745 464 3796 ex
488 3722 536 3796 iis
553 3745 638 3818 quas
655 3721 760 3820 apud
776 3721 905 3819 ipsu'm
920 3719 1101 3816 leguntur
1115 3738 1203 3815 pag.
1221 3717 1283 3786 69.

184 3817 229 3912 [1.
248 3824 659 3915 as=1aao-1sss.]

223 4041 273 4098 45.
292 4038 477 4112 Herodotu,
486 4045 535 4101 48.
543 4041 714 4119 προηγέεται
763 4040 898 4114 ἀνάγετε,
921 4046 1014 4116 κῶμον
1039 4040 1219 4115 εὐρυχωρίαν
1241 4037 1289 4112 Τῇ

186 4113 215 4174 δὲ
231 4121 327 4186 abute-
347 4119 377 4178 oi
392 4118 421 4179 δὲ
436 4119 553 4181 ἕπονται
567 4119 715 4179 ἀείδουσαι
765 4122 819 4197 θεῷ
841 4125 952 4177 ποιεῖτε·
974 4119 1084 4176 ’Edeba
1108 4120 1165 4194 γὰρ
1189 4117 1205 4174 ὁ
1226 4113 1290 4177 beia

185 4193 238 4255 τὸν
249 4199 399 4262 Διόνυσον.
418 4199 600 4262 1111181847.
610 4197 725 4278 phello,
767 4198 850 4265 ὀθὸς
883 4197 1080 4277 ἑσφυρωμὲνος
1114 4199 1170 4253 Διὰ
1202 4194 1292 4269 μέσον

187 4273 352 4337 Santenius.
789 4276 909 4346 αδὶζειν.
939 4276 1092 4356 Tyrwhitt.
1112 4273 1150 4332 ad
1171 4271 1292 4331 Aristot.

230 4356 278 4414 46.
306 4355 382 4416 Vide
407 4357 547 4436 Scaligeri
576 4358 653 4438 App.
680 4357 717 4418 ed
767 4355 850 4416 Post.
878 4375 920 4427 rx,
942 4377 972 4434 p.
1000 4359 1066 4414 126.
1085 4351 1134 4411 cd.
1160 4357 1188 4411 6.
1208 4349 1246 4413 R.
1255 4349 1291 4412 P.

189 4429 275 4512 Virg.
301 4455 330 4513 p.
351 4439 409 4495 48³
423 4457 463 4484 ε·
479 4443 547 4498 219.
573 4439 716 4512 'salvara
768 4437 907 4498 Adversa.
921 4453 970 4514 pp.
986 4439 1053 4504 140,
1067 4443 1097 4492 et
1110 4435 1159 4491 60.
