3096 4932
677 451 752 520 373

157 643 193 710 3.
209 677 224 693 ·
239 667 299 711 νυν
337 637 370 710 δε
409 637 466 718 toa
506 637 635 718 ὅπλοις.
711 637 885 720 Quorum
925 639 966 714 in
1009 661 1167 716 numero
1210 663 1269 716 re·
1308 659 1356 708 ro

159 736 405 811 *censendus
422 744 481 810 est
497 736 603 809 loeus
621 736 660 808 in
680 760 758 833 quo
784 741 993 813 versamur.
1044 739 1268 836 Legendum
1284 721 1380 772 W·

160 837 321 923 seilicet,
361 843 391 909 Ο
423 837 455 909 δε
481 853 745 934 proprus-quo
783 847 897 934 paeto
933 839 973 911 in
1006 841 1176 937 regulam
1216 841 1266 913 11.
1281 829 1383 962 'siff

159 936 283 1011 cadet.
350 937 432 1010 Nee
462 958 552 1010 vero
580 935 736 1010 alteram
765 936 879 1034 hujus
910 939 1017 1012 verbi
1042 939 1270 1038 scripturam

158 1055 302 1130 κναφευει
327 1044 470 1110 temere
492 1035 581 1108 alibi
604 1035 781 1134 reperies.
836 1037 937 1112 Hine
960 1039 1116 1112 tandem
1134 1039 1269 1136 collige

158 1133 300 1209 frustra
333 1159 415 1209 esse
451 1135 607 1210 Suidam
638 1145 681 1208 et
709 1136 948 1214 Scholiasten
983 1138 1163 1236 priorem,
1202 1139 1270 1235 qui

159 1253 307 1334 γναφευει
334 1235 593 1310 communium
624 1211 855 1324 (iraeoorum,
895 1258 1038 1332 κναφευει
1079 1262 1171 1312 vero
1203 1239 1271 1312 At·

159 1335 326 1410 ticorum
342 1335 542 1434 proprium
559 1343 741 1409 statuant.
796 1336 966 1412 Priorem
982 1337 1135 1436 iuquam
1153 1337 1270 1412 Scho-

158 1435 319 1509 liasien:
357 1459 445 1510 nam
475 1437 592 1510 Verba
625 1435 710 1521 ista,
745 1445 886 1510 Arrurov
914 1471 972 1528 μεν
1000 1470 1037 1510 το
1072 1439 1123 1512 δια
1152 1471 1209 1510 του
1236 1470 1267 1510 κ.

162 1541 283 1608 Κοινον
308 1537 354 1622 δε,
386 1569 423 1607 το
447 1537 497 1608 δια
520 1569 577 1608 του
602 1570 636 1633 γ.
688 1541 732 1607 Or
759 1541 891 1610 παλαιοι
917 1538 950 1609 δε
976 1544 1107 1610 Αττικοι
1135 1539 1185 1609 δια
1212 1570 1269 1609 του

161 1667 194 1720 κ,
219 1653 350 1728 κναφος.
374 1668 437 1707 εστι
468 1637 500 1707 δε
528 1636 708 1717 ακανθωδες
732 1669 775 1722 τι,
809 1635 833 1730 pi
857 1637 965 1718 ξυουσι
993 1670 1032 1708 ro
1056 1636 1172 1730 ἶματια.
1225 1642 1269 1709 Or

161 1736 194 1807 dr
216 1767 360 1834 νεωτεροι
382 1736 433 1807 δια
457 1768 513 1808 του
538 1770 572 1836 γ,
599 1768 687 1832 παρα
712 1767 770 1816 την
794 1743 928 1834 prurire,
956 1738 1003 1809 ab
1021 1759 1098 1810 1an
1116 1735 1268 1809 eodem·

161 1857 237 1931 que
262 1834 452 1932 proficisci
478 1857 554 1908 non
584 1843 755 1934 potuere.
808 1835 949 1910 Prioris
977 1858 1066 1909 vero
1092 1838 1268 1909 observa·

161 1933 307 2008 tionem
329 1935 545 2009 clauserunt
567 1934 642 2009 ista
669 1936 720 2007 δια
746 1967 803 2007 του
829 1971 862 2034 γ.
914 1937 1020 2008 Alter
1040 1935 1095 2009 sio
1113 1955 1270 2009 exorsus

161 2042 232 2120 est,
278 2040 320 2108 οι
358 2042 491 2108 rotator
529 2035 842 2116 Amator-Quod
885 2035 934 2108 ad
976 2035 1077 2109 huno
1119 2035 1270 2120 attinet,

161 2133 337 2230 equidem
354 2133 456 2207 haud
474 2133 553 2208 scio
571 2152 776 2227 κναφευειηθ,
805 2158 853 2208 an
880 2159 971 2210 vero
998 2154 1145 2234 γναφευει
1170 2135 1271 2230 lege·

161 2233 236 2318 rit;
273 2235 527 2330 nequeenim
558 2242 706 2307 constat
733 2234 882 2309 interne
913 2240 1074 2318 παλαιους
1104 2235 1268 2320 Atticos,

163 2357 212 2406 an
235 2356 326 2407 vero
344 2367 436 2406 νεωτε
459 2367 515 2416 ους
532 2333 829 2430 Aristophanem
852 2335 1038 2408 recenseri
1054 2333 1218 2408 voluerit
1230 2335 1268 2407 ”.

163 2432 279 2530 Apud
296 2433 403 2506 illum
435 2442 578 2508 ortasse
596 2435 807 2507 immutatae
830 2443 922 2508 sunt
939 2435 1046 2507 sedes
1064 2434 1268 2507 elemento-

165 2555 250 2606 rum
268 2568 302 2634 γ,
318 2542 357 2608 et
374 2567 406 2620 κ,
423 2557 501 2630 quo
518 2531 654 2608 melius
674 2533 881 2630 depravato
896 2534 1092 2607 contextui
1110 2531 1270 2629 quadra·

163 2641 260 2706 rent.
313 2635 513 2731 integrum
541 2643 671 2708 autem
700 2657 853 2708 versum
882 2633 1025 2708 codicis
1050 2631 1169 2706 Orvil.
1197 2651 1271 2726 ope

168 2732 224 2807 sio
242 2734 533 2809 constituimus:

317 2918 347 2984 Ο
365 2913 397 2985 δε
415 2931 561 3010 proptera
577 2944 612 3009 γ.
630 2908 651 2984 ὁ
668 2911 700 2983 δε
717 2943 753 3008 γε
770 2914 884 2983 πλυνει
900 2911 1011 2984 nudae.

165 3085 295 3158 Altera
317 3086 419 3159 enim
443 3085 558 3158 lectio
581 3107 627 3156 eo
655 3082 795 3158 vitiosa
813 3091 883 3170 est,
908 3085 1012 3181 quod
1040 3084 1079 3156 in
1096 3084 1271 3160 voculam

165 3217 215 3266 nc
240 3207 316 3259 nou
343 3184 425 3281 jam
449 3185 748 3280 interrogantem
783 3194 964 3258 accentus
995 3184 1117 3259 eadat.
1183 3185 1271 3259 Hoc

207 3451 256 3507 24.
278 3451 298 3480 ‘⁸
312 3445 500 3506 Grammatici
523 3443 695 3523 Aristopha·
746 3443 893 3521 κναφεΰεις
905 3467 948 3508 τις
963 3441 999 3500 E.
1014 3463 1058 3499 κν.
1072 3439 1104 3506 ὃς
1118 3437 1147 3498 δὲ
1159 3443 1183 3496 Ι.
1204 3437 1271 3500 Sch-

167 3547 232 3588 nem
243 3527 319 3586 inter
328 3524 470 3592 παλαιοὺς
483 3523 627 3592 Ἀττικοὺς
639 3545 695 3584 nu·
746 3523 890 3602 Γναφεΰω.
903 3521 978 3580 τὸτὰ
988 3521 1112 3598 δέρματα
1124 3519 1185 3585 [lu.
1196 3541 1270 3592 γνα·

166 3621 288 3666 merant.
313 3607 409 3665 Schol.
421 3606 504 3665 θεοῦ.
511 3607 549 3664 ad
559 3604 693 3682 Thucyd.
744 3609 824 3681 φεῖον
834 3637 875 3648 -
885 3601 1025 3679 γνάφιιλα
1037 3631 1079 3642 -
1091 3596 1218 3737 properie
1230 3627 1271 3648 a·

168 3707 188 3756 1,
202 3709 276 3746 xxx.
292 3690 579 3766 τροπαῖονὴπαλαιὰ
589 3689 694 3754 Ἀτθὶς,
745 3680 841 3741 πάντα
864 3681 891 3738 oi
916 3683 1020 3738 drrrroi
1042 3687 1133 3738 ταῦτα
1170 3683 1200 3737 ιὰ
1220 3685 1270 3737 τοῦ

168 3764 202 3836 ἧς
215 3767 293 3826 ἔστιν
306 3765 443 3836 Εὔπολις,
458 3773 610 3844 Κρατῖνος,
619 3769 696 3843 Ἀρι·
745 3787 760 3820 r
782 3761 820 3837 ff:
840 3763 874 3820 ‘O
898 3759 927 3818 δέ
946 3761 1084 3841 κναφεῦει·
1105 3761 1120 3817 ὁ
1139 3757 1167 3817 δὲ
1191 3783 1221 3818 π.
1243 3781 1269 3818 κ.

169 3850 320 3926 ποφάνης,
349 3845 527 3919 θονκυδίδης·
560 3849 696 3924 τρόπαιον
746 3844 814 3905 MS.
839 3861 928 3920 penes
946 3841 1103 3920 Longmna.
1131 3845 1176 3900 17.
1201 3840 1268 3898 lan.

169 3928 187 3995 ἡ
203 3929 253 3986 νέα
275 3929 379 3996 Ἀτθὶς,
400 3925 435 3998 ἦς
448 3925 509 3985 ἔστι
527 3925 696 4001 Μένανδρος·
747 3929 835 3986 1820.
859 3925 893 3980 Ὀ
906 3919 935 3980 δὲ
949 3944 992 3980 κν.
1006 3947 1031 3980 r.
1044 3923 1060 3978 ὁ
1074 3918 1098 3978 δ.
1113 3944 1144 3977 π.
1160 3943 1183 3977 κ.
1201 3916 1269 3977 edd.

169 4007 254 4064 ruini
268 4006 380 4066 ἄλλοι.”
403 4005 549 4084 Reisigirrr
573 4007 602 4064 in
616 4003 695 4063 Con-
747 4017 804 4066 tres
840 4002 996 4082 primariae.
1052 4000 1165 4059 Euclea.
1200 4002 1269 4056 415.

163 4083 234 4164 jeu.
257 4108 285 4165 p.
308 4093 385 4158 108..
407 4089 458 4165 qui
474 4107 541 4146 eum
554 4083 696 4144 Bmackr'o
746 4093 870 4165 κναφιῖς.
894 4082 1073 4151 Herodoti,
1090 4086 1138 4138 92.
1154 4077 1270 4154 κνάφου.
1321 4087 1332 4104 ’

167 4165 248 4244 legit,
269 4171 302 4226 'O
324 4167 354 4226 δέ
369 4191 412 4232 τις
427 4164 556 4247 κναφεῦει
577 4168 614 4240 γ’·
631 4167 646 4223 ὁ
665 4163 696 4222 δέ
746 4166 822 4224 conf.
833 4162 981 4222 Ruhnken.
994 4163 1032 4221 ad
1046 4161 1122 4218 Tim.
1137 4179 1166 4235 p.
1181 4159 1268 4248 [⁶⁰⁸⁵

170 4269 204 4320 γε
227 4247 328 4306 πλύνει
352 4245 446 4306 rddere.
482 4257 516 4305 ut
540 4246 571 4304 in
598 4263 626 4303 v.
649 4265 695 4304 se·
745 4245 797 4304 aed
819 4245 894 4302 xen.
920 4241 1082 4300 Memorat.
1103 4257 1146 4305 ur,
1170 4253 1218 4302 ru,
1240 4237 1268 4290 6.

169 4328 277 4402 quenti,
298 4329 332 4386 'O
357 4325 387 4384 δὲ
415 4324 588 4404 βυρσοδεψεῖ
612 4328 649 4398 γ’.
681 4327 696 4382 d
746 4321 984 4404 proprie-vide
998 4321 1033 4378 P.
1045 4319 1081 4377 P.
1093 4314 1180 4374 D.ad
1190 4312 1268 4372 Plut.

168 4403 198 4463 δι’
215 4430 249 4480 γε
272 4413 361 4466 πωλεῖ
385 4407 525 4484 κρόμμυα.
560 4407 594 4462 '0
609 4401 638 4461 δὲ
652 4427 695 4461 κν.
745 4403 766 4462 l.
781 4423 806 4462 c.
824 4397 1171 4478 Addend.pp.(101,2>,
1188 4405 1219 4454 et

170 4489 199 4558 γ’
222 4509 246 4544 ει
272 4485 306 4546 C.
339 4509 382 4547 κν.
409 4509 451 4552 τις
475 4485 510 4556 Β,
534 4483 575 4554 Ι),
600 4483 632 4554 F,
657 4483 694 4540 T.
746 4501 775 4541 v.
792 4487 878 4542 1062.
