2964 4950
780 397 854 470 588

149 615 238 743 *tf
260 605 286 740 3:
303 619 521 773 bibit
534 593 1377 794 tittt‘sstttbtittttt‘tbt

148 797 249 810 “““““
265 807 285 839 “
303 799 405 873 enim
433 798 473 872 in
500 800 588 872 sede
613 800 780 872 secunda
804 796 1169 888 Proceleusmaticus
1204 795 1285 870 erit
1313 819 1377 892 pro

261 908 283 940 “
301 899 518 998 Anapaesto‚
546 899 650 996 quud
679 923 702 976 a
732 907 854 972 metro
882 897 1051 972 Iambico
1074 922 1151 972 non
1173 896 1377 990 abhorret)

264 1009 287 1041 “
304 999 371 1072 sed
397 1001 513 1074 etiam
536 1000 626 1098 quia
653 1020 812 1098 coppopur
839 997 960 1096 magis
978 997 1152 1074 Atticum
1177 1005 1245 1071 est
1269 1019 1380 1092 quam
1449 999 1450 1076 i

262 1107 285 1140 “
303 1120 539 1197 οσφραινομαιε
580 1110 624 1174 ut
664 1100 842 1174 observat
884 1099 1050 1173 Thomas
1095 1098 1296 1195 Magister
1335 1094 1376 1166 V.
1445 1130 1452 1143 ν

262 1210 286 1240 “
305 1205 476 1298 Οσφρομαι
496 1203 556 1300 [p.
569 1203 677 1296 660,]
697 1219 812 1298 quem
830 1201 947 1274 vide.”
963 1201 1164 1274 Kmterur.
1186 1198 1380 1272 'rhomam

263 1300 495 1396 Magistrum
512 1302 681 1389 audiant,
694 1302 835 1399 quibus
852 1301 977 1375 visum
995 1300 1123 1374 fuerit.
1151 1301 1262 1374 Nam
1280 1297 1378 1372 nuda

264 1400 364 1474 illius
383 1401 421 1474 in
438 1401 510 1477 hac
527 1427 569 1477 re
586 1402 806 1490 auctoritas,
834 1425 921 1475 cum
940 1401 1043 1498 apud
1058 1411 1191 1500 poetas
1212 1398 1379 1482 Atticos,
1450 1479 1451 1490 χ

263 1510 455 1599 quotquot
483 1504 597 1579 hodie
628 1511 772 1588 extant,
803 1504 964 1577 verbum
998 1521 1158 1602 οσφρομαι
1186 1519 1381 1596 nusquam
1450 1499 1451 1510 '

264 1601 499 1701 reperiatur3
527 1603 630 1702 apud
654 1626 714 1678 me
732 1602 844 1704 plane
861 1603 965 1676 nulla
982 1610 1053 1676 est.
1109 1601 1278 1700 Legitur
1297 1598 1378 1696 qui-

266 1702 354 1778 dem
370 1703 618 1804 participium
636 1724 837 1803 οσφρομενος
856 1703 972 1801 Vesp.
995 1709 1016 1776 7
1020 1707 1080 1776 88.

367 1869 459 1962 Kpra
472 1867 673 1966 βδελυχθεις
692 1867 1069 1941 02<1>POMEN02⁸¹⁸
1084 1869 1255 1946 abactam.

178 2011 428 2114 328*'Atque
445 2016 535 2091 hinc
563 2017 699 2136 opinor
725 2018 765 2092 in
788 2017 961 2094 fraudem
984 2017 1163 2092 inductus
1181 2025 1244 2091 est
1269 2013 1379 2089 homo

265 2116 476 2215 imperitus.
544 2117 737 2192 Nrmirum
771 2118 876 2194 istud
908 2118 1157 2218 participium
1189 2139 1272 2191 non
1302 2113 1377 2210 jam

265 2227 486 2314 apraesente
497 2238 656 2318 ooppopur
672 2219 741 2293 sed
753 2220 801 2294 ab
815 2220 957 2294 doristo
974 2239 1149 2318 ωσφρομην
1160 2217 1377 2292 derivatur:

265 2317 329 2391 hic
346 2327 475 2394 autem
492 2341 515 2393 a
531 2329 718 2416 praesente
734 2336 958 2418 ocppwopm.
1012 2319 1124 2393 Nunc
1144 2318 1249 2407 vide,
1267 2337 1376 2414 quam

265 2417 406 2494 bellum
422 2421 613 2495 senarium
631 2419 741 2495 nobis
755 2418 1010 2496 venditaverit
1024 2419 1082 2496 vir
1101 2420 1159 2494 Cl.

317 2574 355 2642 Iu
371 2603 411 2644 oc
427 2570 432 2669 l
448 2569 610 2669 φρομενός
636 2569 675 2674 a]
691 2605 750 2671 vap
776 2605 842 2644 arro
855 2571 860 2670 Ι
874 2580 933 2645 τοῦ
957 2571 1019 2670 τειΙ
1036 2605 1121 2672 χους
1146 2568 1212 2682 esc}
1227 2605 1299 2646 ιων.

267 2717 656 2794 Proceleusmaticum
673 2743 799 2816 neque
815 2718 856 2793 in
883 2717 1054 2794 iambicis
1082 2743 1153 2794 nec
1176 2713 1376 2794 trochaicis

265 2819 419 2894 licuisse
449 2819 683 2894 crediderim.
736 2823 949 2895 Accentum
979 2828 1108 2894 autem
1138 2821 1179 2894 iu
1207 2819 1378 2895 ultimam

266 2920 372 2994 vocis
397 2921 686 3018 quadrisyllabae
720 2932 935 3019 correptam
964 2919 1089 2994 minus
1121 2929 1226 2995 recte
1245 2919 1376 2996 cadere

267 3019 428 3094 fidenter
445 3043 632 3095 assevero.
686 3021 862 3096 Tertium
890 3022 931 3095 in
953 3021 1025 3096 hac
1046 3021 1211 3096 lectione
1237 3021 1372 3118 impro-

267 3118 435 3194 bandum
452 3121 572 3209 venit,
595 3121 698 3218 quod
715 3156 798 3218 ανηρ
828 3124 971 3220 absque
993 3121 1153 3196 articulo
1180 3121 1373 3198 habeatur.

268 3220 433 3320 Oportet
455 3221 557 3295 enim
574 3219 593 3294 ὁ
610 3255 704 3318 cosp,
730 3222 790 3296 the
815 3221 991 3297 husband
1044 3223 1247 3311 Quartum,
1278 3215 1372 3319 quod

267 3321 308 3395 in
331 3322 420 3397 sede
443 3319 527 3422 pari
552 3322 744 3422 spondeus
772 3331 1079 3421 repraesentetur.
1133 3323 1230 3398 Tam
1258 3317 1371 3417 negli-

267 3425 421 3520 genter!
476 3421 747 3524 Contemplare
765 3447 895 3522 porro,
918 3423 951 3498 si
969 3431 1091 3511 vacat,
1115 3447 1269 3498 versum
1287 3439 1372 3522 prae

268 3523 480 3698 cepeptpm,
505 3533 626 3623 prout
647 3548 671 3600 a
697 3523 781 3600 viro
803 3523 860 3598 Cl.
881 3548 970 3600 cum
993 3523 1141 3598 caeteris
1170 3523 1371 3600 editoribus

267 3645 315 3696 ex
342 3646 356 3696 1
382 3645 493 3698 eur:

415 3777 484 3856 Την
501 3777 588 3874 νυχθ
605 3778 699 3848 sordre
717 3777 871 3876 σκοροδια
887 3775 1066 3865 μασωμεθα.

269 3931 355 4016 Qua
370 3931 535 4021 taudem,
561 3938 733 4024 obsecro,
757 3937 899 4012 virtute
917 3935 1024 4011 vocis
1041 3937 1193 4034 σκοροδια
1214 3935 1276 4009 vel
1303 3928 1371 4031 pri-

266 4055 367 4108 mam
386 4034 447 4110 vei
465 4034 639 4111 ultimam
656 4037 816 4135 produci
843 4037 1047 4110 dicendum
1072 4039 1159 4109 estt
1211 4035 1367 4134 Quippe,

266 4133 308 4208 ni
325 4133 460 4210 borum
478 4135 642 4213 alterum
660 4137 739 4224 fiat,
768 4161 902 4212 versus
920 4145 979 4212 est
996 4135 1134 4211 nullus.
1189 4135 1303 4210 Nunc
1319 4129 1367 4206 vi·

306 4383 375 4438 818.
397 4380 474 4443 Vide
485 4383 651 4444 Eborleiam
661 4383 698 4442 ad
710 4384 795 4444 Aris·
847 4387 928 4467 apud
943 4387 1099 4450 Dodroeum
1113 4387 1151 4450 ad
1166 4388 1246 4449 Plut.
1263 4391 1327 4450 78³.

265 4458 347 4538 toph.
374 4460 449 4521 Acb.
481 4467 549 4525 179.
583 4476 613 4523 et
639 4462 794 4524 Personam
