3148 4936
736 405 786 474 te

205 607 318 662 suum
334 609 484 686 genera,
508 614 676 691 quorum
686 595 828 674 ultimis
844 602 996 700 syllabis
1006 607 1110 684 nulla
1124 609 1308 708 permissa
1318 627 1408 681 ancr-

205 694 265 758 eat
277 687 430 763 licentio
445 702 697 792 praeterquam
712 697 752 772 in
763 699 934 778 clausula
946 708 1176 784 catalectica.
1229 710 1308 787 Ho-
1319 697 1419 818 L

204 805 290 859 rum
307 795 437 863 autem
465 799 670 893 utrumque
688 797 737 871 od
753 808 919 876 metrum
935 807 997 880 vel
1012 806 1309 887 choriambicum

206 884 267 958 vel
283 885 450 964 ionicum
475 891 576 990 exigi
593 901 733 993 potest
783 899 925 977 Prioris
939 905 1090 1002 generis
1111 907 1188 983 duo
1206 911 1310 1007 apud

206 982 400 1061 Catullum
421 991 588 1066 carmina
612 992 804 1092 leguntur.
856 1001 984 1099 Atque
1011 1005 1044 1080 is
1071 1005 1187 1082 etiam
1206 1009 1309 1084 Grae·

205 1103 338 1161 corum
348 1089 569 1186 ακριβειανίιι
582 1093 727 1168 ultimis
737 1097 890 1194 syllabis
903 1104 1079 1181 servavit.
1131 1106 1310 1184 Inaltero

93 1253 95 1258 .
204 1183 359 1277 quidem
386 1187 564 1278 carmine,
593 1191 706 1266 Juliae
741 1195 886 1273 scilicet
924 1209 964 1278 et
998 1199 1132 1278 Manlii
1162 1205 1308 1304 epitha-

202 1279 317 1358 lamio
329 1285 368 1371 ⁶⁸,
384 1287 558 1363 versibus
586 1297 660 1364 235
690 1303 888 1392 constante
912 1311 1159 1399 repraesentat
1176 1301 1307 1382 Editio

204 1379 382 1458 Cantabr.
400 1387 569 1485 quinque
585 1391 766 1467 adversus
779 1395 997 1474 ultimarum
1008 1402 1235 1501 syllabarum
1247 1427 1306 1480 ro·

204 1477 347 1556 tionem
363 1493 534 1582 peccata,
550 1509 595 1564 ea
611 1511 704 1564 vero
717 1489 817 1567 facili
831 1499 987 1594 negotio
1002 1502 1247 1599 corrigenda:

255 1636 287 1702 1.
306 1653 403 1706 vera.
423 1639 484 1708 46.
529 1637 620 1724 Quia
636 1637 725 1712 deus
741 1641 995 1740 machmit
1032 1647 1058 1722 'a

528 1733 608 1810 Est
620 1736 647 1778 ⁶⁰
656 1741 840 1836 petendus
854 1746 994 1820 amnti
1069 1751 1092 1822 8

205 1879 387 1959 Passerat.
406 1885 552 1962 Marcii.
570 1897 611 1963 et
628 1889 735 1964 Voss.
750 1896 848 1966 teste
865 1892 1011 1969 editore
1024 1896 1176 1972 Catabr.
1186 1923 1310 2075 m

202 2005 249 2055 uc
253 2005 390 2153 tncogss
410 1985 505 2071 Quoe
517 1985 632 2064 lectio
644 1990 691 2064 ad
707 2012 860 2065 versum
866 1991 1026 2090 perinde
1037 2001 1105 2072 est
1123 1995 1200 2075 Res

203 2103 252 2155 au
271 2104 357 2156 em:

253 2223 879 2330 *Quodacmagnatmagisque
957 2237 959 2242 '
1340 2241 1391 2313 31

204 2343 274 2421 Vel
289 2349 412 2446 magis
428 2346 451 2420 b
468 2353 677 2449 magisque,

251 2487 287 2554 2.
314 2481 421 2556 νοτε.
440 2489 500 2557 87.
525 2485 640 2562 Flere
657 2486 805 2565 desine:
828 2515 900 2566 noa
917 2491 997 2581 titt,

528 2584 793 2675 Aunmculeia,
803 2591 1010 2688 periurium
1025 2601 1094 2680 est,

202 2699 309 2777 Fecit
334 2701 397 2777 bic
424 2726 543 2801 prava
571 2707 799 2804 syllabarum
822 2710 1041 2788 distributio
1071 2720 1115 2788 ut
1146 2717 1306 2813 uterque

200 2802 501 2880 versuslaboret.
555 2805 617 2880 Tu
631 2829 724 2882 vcro
736 2807 911 2905 protinus
924 2833 1088 2908 repone:

296 2939 299 2944 “
523 2925 639 3003 mere
655 2927 805 3005 desine:
831 2955 902 3004 non
917 2931 986 3008 tibi
1001 2934 1081 3010 Au·

523 3027 717 3106 runculeia
728 3030 766 3116 ³⁵,
773 3031 979 3130 periculum
993 3045 1062 3120 est,

246 3165 284 3233 8.
310 3157 418 3236 Vera.
443 3165 527 3238 136.
556 3163 759 3240 sordebam
776 3165 855 3254 titi,
872 3165 1031 3243 villico⁵⁶

553 3262 769 3352 &macrobium
785 3263 892 3342 hodie
908 3278 1018 3368 atque
1035 3265 1126 3344 test.

201 3405 287 3484 Hoc
304 3420 420 3508 pacto
435 3435 513 3488 non
538 3413 661 3490 solum
684 3438 840 3492 versum
865 3417 1088 3514 neutiquam
1112 3415 1304 3494 sincerum

198 3507 394 3598 habemus,
424 3513 491 3586 sed
517 3516 746 3590 sententiam
780 3515 912 3590 itidem
941 3516 1037 3592 adeo
1063 3518 1231 3615 ineptam
1260 3524 1303 3592 ut

199 3607 293 3682 nihil
303 3631 429 3708 supra.
483 3611 528 3686 ln
546 3635 624 3688 var.
639 3614 742 3689 lectt.
760 3613 905 3712 optime
921 3624 1228 3713 repraesentatur,

525 3733 736 3812 sordebant
753 3735 822 3811 tibi
838 3733 985 3826 villicae,

247 3873 284 3940 t.
302 3864 408 3954 Vers.
427 3873 510 3942 192,
532 3869 637 3944 Uxor
654 3872 693 3944 in
710 3871 867 3946 thalamo
883 3880 939 3946 eat
956 3873 1023 3948 tibi

395 3987 399 3994 ·
530 3967 793 4066 Orcflcridulo
807 3972 937 4047 nitens.

240 4167 289 4224 5³.
308 4163 589 4247 viminuspaoo.
779 4179 877 4248 suom.
892 4169 933 4248 (fi
943 4163 1304 4246 tentatationum&

241 4247 292 4302 54.
311 4247 356 4304 Sit
365 4258 396 4305 et
409 4265 437 4304 v.
451 4249 500 4308 tt.
513 4247 615 4308 oues.
628 4244 709 4306 RB.
778 4255 889 4309 —109.
907 4270 962 4333 pro
975 4249 1160 4330 complexum
1173 4243 1304 4310 miletium

1569 3649 1570 3686 l

1569 4265 1570 4328 l

243 4325 292 4380 55.
312 4324 485 4386 Auruncum
498 4328 536 4387 R.
546 4326 581 4386 B.
777 4328 855 4387 -m
867 4329 901 4388 B.
1293 4381 1295 4386 .
1399 4331 1402 4338 ’

243 4405 292 4468 56.
317 4403 490 4468 Villicaset.
505 4406 641 4478 Prodest,
656 4423 727 4468 aona
829 4494 886 4560 12
1479 4345 1570 4890 j

1245 4843 1381 4890 Α
